3130 5662
273 1068 347 1108 xxn
655 1001 659 1006 ¹
741 1037 950 1090 rmnararro.

273 1202 351 1280 puto
373 1198 456 1264 banc
479 1215 606 1262 manum
625 1215 694 1262 csse
712 1194 853 1262 ciusdem
870 1194 937 1259 Iac‘
951 1191 1095 1268 Putaram,
1117 1191 1171 1275 qui
1187 1189 1326 1272 exemplo
1347 1188 1409 1254 edi·

274 1302 368 1367 tionis
389 1300 490 1365 Paris.
519 1301 609 1381 1605,
640 1304 660 1364 8
692 1299 725 1364 in
748 1297 829 1364 Bibl.
860 1295 951 1362 Bodl.
983 1294 1184 1361 collationem
1214 1293 1335 1361 Codicis
1356 1290 1411 1357 ad·

273 1404 408 1486 scripsit.
447 1402 509 1468 Vni
530 1401 643 1467 horum
667 1399 809 1494 cedioum
826 1401 903 1464 data
924 1402 974 1464 est
996 1396 1143 1462 notabilis
1166 1397 1222 1463 illa
1236 1394 1410 1476 inscriptio:

271 1499 505 1574 ‘INCIPIVNT
528 1504 647 1570 LIBRI
671 1501 854 1569 CATONIS
876 1495 1151 1567 PHILOSOPHI?
1197 1500 1276 1566 Vter
1299 1497 1411 1578 Codex,

171 1671 174 1674 .
273 1607 450 1698 Vossianus
472 1608 633 1690 Regiusne
655 1627 697 1673 an
720 1611 830 1673 noster
852 1603 929 1670 Cod.
951 1602 1094 1670 RParis.
1118 1623 1149 1716 n.
1167 1607 1260 1682 2659,
1282 1599 1411 1669 hicine·

274 1712 327 1792 rit,
349 1711 519 1778 nescimus

361 1814 410 1882 Ειι
433 1811 578 1880 omnibus
600 1811 651 1877 his
675 1819 708 1877 et
723 1809 894 1878 (lodicibus
916 1809 1004 1886 maia,
1028 1781 1082 1893 qui
1104 1827 1144 1875 ex
1166 1829 1229 1876 uno
1244 1807 1330 1877 sonte
1342 1829 1413 1892 pro
1436 1844 1448 1860 ·

274 1917 348 1984 lecti
371 1915 584 1997 videntur,t
551 1920 584 1983 ct
600 1935 638 1980 ve
639 1914 735 1980 tustis
758 1913 959 1980 Editionibus
980 1909 1108 1994 liquido
1123 1915 1223 1994 patet,
1244 1911 1412 1977 Auctorem
1541 1955 1544 1958 -

275 2018 429 2104 opusculi,
452 2017 538 2102 quod
560 2017 694 2102 agimus,
721 2014 873 2082 Catonem
894 2034 965 2083 esse
987 2014 1154 2100 quendam,
1181 2016 1266 2082 nullo
1289 2017 1412 2102 quidem

275 2123 385 2204 addito
398 2121 603 2205 praenomine
626 2118 850 2204 significatum.
890 2119 1001 2198 Testes
1018 2118 1108 2185 nobis
1121 2122 1197 2184 sunt
1210 2119 1413 2186 vetustissimi

276 2225 323 2291 illi
337 2223 481 2304 Codices
503 2240 583 2305 quos
606 2222 668 2307 ipsi
692 2221 840 2300 vidimus,
869 2219 1070 2304 contulimus,
1096 2221 1329 2306 descripsimus,
1350 2242 1413 2290 una
1542 2237 1546 2244 ·

277 2327 481 2409 campaneis
504 2326 623 2394 saeculi
649 2324 713 2392 XV
746 2324 949 2406 editionibus,
982 2343 1065 2409 quae
1087 2344 1125 2392 er
1148 2323 1302 2393 eiusmodi
1320 2343 1413 2392 mem·

275 2431 385 2499 branis
406 2429 563 2513 prodiisse
583 2429 768 2496 creduntur.
815 2428 904 2494 Inter
923 2428 983 2494 has
1006 2428 1161 2498 editiones
1183 2448 1245 2496 non
1269 2449 1337 2497 esse
1356 2431 1412 2497 Ar·

244 2586 247 2592 .
276 2533 496 2619 gentinensem
520 2533 615 2599 istam
642 2532 743 2600 facile.
763 2532 909 2616 putabis,
931 2549 1029 2614 quam
1045 2527 1208 2596 ‘Marcum
1232 2529 1416 2601 Gathonem’.

276 2637 309 2703 in
331 2636 426 2703 titulo
447 2635 567 2703 habere
591 2653 689 2719 supra
714 2635 859 2701 diximus.
899 2635 1030 2702 Maioris
1042 2635 1173 2702 'omnino
1188 2636 1335 2704 momenti
1357 2636 1414 2706 tibi

277 2738 510 2806 existimabitur
541 2736 728 2825 Dionysius
762 2756 954 2822 praenomen
984 2737 1200 2805 introductum
1230 2758 1250 2806 a
1282 2739 1414 2823 Iosepho

278 2840 449 2925 scaligero,
472 2841 528 2924 qui
548 2842 673 2924 primus
697 2842 778 2908 libro
801 2841 931 2908 titulum
953 2840 1058 2908 dedit:
1075 2837 1280 2910 ‘DIONYSII
1295 2841 1436 2923 (ΣΑΤΘ4

204 2982 209 2992 -
277 2944 349 3012 NIS
370 2945 515 3012 Disticha
544 2945 584 3012 de
612 2945 755 3011 moribus
778 2944 820 3012 ad
843 2939 981 3025 Filium’,
1009 2945 1167 3012 scribens:
1194 2939 1244 3011 In
1264 2945 1344 3013 libro
1364 2966 1415 3014 re

277 3047 455 3116 tustissimo
472 3046 631 3113 Sciroeoaie
647 3047 756 3133 Basti,
780 3048 911 3116 Iuridici
926 3048 1168 3142 Lemovicensis,
1191 3047 1250 3114 riri
1273 3049 1415 3116 eruditis·
1448 3095 1450 3098 -

278 3119 350 3218 simo
372 3158 406 3220 et
427 3151 556 3219 acutiss
549 3151 603 3217 rmi
625 3151 665 3217 tit
651 3152 739 3218 tulus
763 3151 809 3217 ita
831 3156 964 3234 concept
965 3169 1002 3217 us
1025 3156 1110 3218 erat:
1136 3151 1328 3219 DIONYSII
1348 3151 1414 3219 uA-

179 3321 183 3328 .
278 3255 406 3322 TONIS
428 3252 633 3321 DISTICHA
660 3254 719 3320 DE
743 3253 937 3321 MORIBUS
963 3253 1020 3319 AD
1042 3253 1205 3320 FILIVM.
1250 3253 1341 3322 Solus
1362 3256 1416 3324 ille

279 3357 379 3429 codex
400 3358 503 3426 bonae
525 3363 621 3424 notae
643 3361 790 3440 repertus
813 3363 863 3424 est
885 3357 1036 3425 memoria
1057 3361 1177 3424 nostra.
1211 3357 1344 3444 Reliqui,
1366 3359 1415 3426 uti

279 3461 461 3545 aequiorum
487 3461 701 3544 saeculorum,
717 3461 776 3528 'ita
806 3455 1041 3530 mendosiores’.
1096 3461 1184 3529 Haeo
1216 3467 1292 3530 sunt
1320 3465 1415 3533 rerba

281 3563 448 3647 Scaligeri,
463 3581 558 3646 quem
581 3564 725 3648 Opilius,
747 3565 918 3642 DaumiuS,
941 3563 1207 3650 Cannegieterus‚
1229 3561 1416 3636 Arntzenius

238 3744 242 3748 ,
281 3665 396 3752 aliique
418 3685 519 3750 usque
541 3667 584 3734 ad
605 3674 750 3735 nostrum
774 3673 900 3750 tempus
923 3672 1086 3753 tamquam
1108 3669 1222 3736 ducem
1241 3671 1345 3755 gregis
1367 3691 1415 3740 se·

281 3771 348 3837 cuti
370 3776 455 3837 sunt
490 3769 554 3838 Sed
569 3763 647 3837 mibi
662 3771 756 3839 valde
779 3771 877 3840 dubia
899 3777 950 3839 est
970 3771 1052 3840 haec
1073 3773 1255 3840 auctoritas.
1290 3773 1416 3843 Minime

175 3880 185 3900 ⁸
282 3873 365 3940 eninr
386 3875 508 3940 certum
532 3877 597 3957 est,
620 3872 818 3958 Scaligerum
847 3873 1033 3957 ipsumhoc
1055 3872 1171 3944 (lodice
1198 3895 1290 3942 usum
1312 3877 1433 3970 inisse,

282 3976 372 4044 cuius
405 3996 446 4044 ne
480 3981 618 4044 aetatem
648 3977 776 4062 quidem
807 3979 986 4046 accuratius
1016 3978 1104 4046 dixit
1149 3977 1230 4045 Tota
1257 3979 1416 4064 inscriptio

282 4079 359 4146 mihi
380 4077 443 4147 fide
464 4077 559 4164 plena
588 4080 660 4148 ideo
689 4081 822 4165 indigna
851 4099 922 4149 esse
945 4081 1085 4165 videtur,
1114 4082 1200 4167 quod
1222 4087 1328 4166 partes
1348 4082 1416 4154 eius

282 4180 465 4268 Dr'onpao‘aa
495 4179 637 4246 dr'atr'clra
668 4179 880 4247 delatoribus
906 4181 954 4248 ad
971 4181 1078 4265 filium
1105 4185 1138 4252 in
1160 4185 1320 4254 veteribus
1339 4177 1436 4255 mcis'

283 4283 459 4368 codicibus,
493 4304 573 4370 quos
607 4284 791 4371 Scaligerus
820 4290 907 4354 certe
940 4287 1114 4371 ignoravit,
1144 4307 1209 4356 non
1240 4294 1415 4357 occurrunt

283 4385 447 4455 Rrolvisse
480 4389 607 4473 quidem
639 4389 756 4457 librum
785 4390 888 4458 'etiam
914 4390 1002 4457 Elias
1024 4390 1159 4460 Vinctus
1185 4393 1336 4471 traditur,
1363 4392 1417 4478 qui
1540 4455 1543 4462 .

283 4509 357 4558 eum
388 4490 539 4565 visendae
572 4492 775 4577 antiquitatis
809 4493 907 4560 luisse
936 4494 977 4561 ad
1006 4492 1132 4578 Edyllia
1161 4495 1292 4564 Ausonii
1323 4494 1416 4578 (coni.

284 4593 381 4662 Henr.
404 4591 626 4678 Oannegieteri
647 4595 816 4679 Rescripta
838 4595 1019 4664 Boxhomio
1041 4616 1068 4665 c.
1092 4597 1125 4664 11
1146 4617 1178 4683 p.
1203 4600 1278 4683 373)
1301 4599 1418 4686 scribit,

284 4695 341 4764 sed
362 4713 426 4762 non
449 4698 598 4781 estquod
620 4696 737 4764 iterum
748 4699 929 4784 iterumque
949 4718 1103 4782 moneam,
1118 4720 1213 4786 quam
1227 4702 1345 4770 incerta
1364 4703 1417 4773 illo

284 4817 364 4866 aevo
390 4798 455 4866 sint
480 4799 630 4868 Virorum
654 4801 826 4870 Doctorum
855 4803 973 4871 iudicia
999 4804 1040 4872 de
1061 4809 1167 4874 aetate
1189 4803 1355 4889 (lodicum,
1381 4813 1419 4875 ut

284 4900 348 4968 iam
377 4919 475 4985 supra
503 4893 707 4988 cognovimus
737 4905 904 4973 Arntaenii
933 4909 1071 4976 veterem
1100 4909 1170 4976 cod.
1201 4908 1268 4977 MS.
1297 4907 1419 4976 charta·

286 5021 387 5077 ceum.
433 5003 527 5073 Absit
549 5025 635 5094 ergo,
657 5027 730 5078 curn
754 5007 861 5077 (lodex
889 5008 941 5077 ille
964 5009 1121 5106 Rosianus
1150 5009 1250 5078 oculis
1270 5009 1361 5098 plane
1382 5031 1418 5083 se
