3130 5662
158 1100 164 1107 .
298 1075 351 1119 m
413 1059 475 1109 ·,
751 1027 958 1107 rainerum.

243 1239 247 1247 ·
280 1186 495 1291 praeceptum
516 1207 688 1274 matrcbum.
733 1205 785 1274 sol.
810 1213 887 1275 321:
917 1208 1070 1292 Sequitur
1096 1214 1281 1293 preceptum
1310 1209 1421 1277 metri·
1534 1275 1537 1278 .

300 1331 370 1379 cum
390 1310 594 1377 Tricesimum
617 1309 779 1384 octauum.
825 1315 897 1377 379.
920 1311 956 1377 b:
985 1311 1122 1395 Explicit
1148 1331 1222 1398 pars
1253 1313 1424 1380 metricalis

298 1414 435 1481 secunda
455 1413 564 1498 incipit
585 1413 682 1480 tercia
702 1433 778 1496 pars
799 1412 941 1480 feliciter.
985 1415 1077 1495 Quod
1100 1414 1142 1481 ad
1165 1417 1268 1502 ipsum
1293 1413 1424 1482 Catonis
1554 1401 1555 1442 l

297 1523 416 1584 textum
438 1513 566 1595 adtinet,
589 1516 752 1582 dicendum
775 1520 834 1599 est,
855 1536 947 1584 uoces
970 1518 1104 1586 subinde
1127 1519 1239 1602 omitti,
1262 1524 1300 1584 ut
1321 1519 1423 1598 1,·1o.

178 1707 180 1712 ,
296 1621 459 1702 b.111,4.
481 1621 512 1698 b,
534 1620 723 1687 mutationes
746 1625 779 1686 et
800 1620 1060 1703 transpositiones
1075 1625 1185 1688 contra
1205 1626 1342 1689 metrum
1363 1624 1424 1688 ire·

298 1721 518 1806 quantestmlll,
543 1725 591 1788 15.
613 1720 644 1797 b,
666 1719 875 1788 correctiones
897 1720 1083 1804 liberiores,
1093 1723 1136 1802 ΙΙ,
1160 1729 1189 1790 6.
1209 1726 1240 1809 b,
1262 1731 1296 1793 et
1315 1724 1423 1792 lectio

298 1843 354 1892 nes
375 1825 517 1908 proprias
539 1823 606 1908 (IV,
628 1829 680 1890 44.
703 1824 767 1909 6)
757 1824 901 1892 inveniri.
939 1824 1046 1892 Habet
1063 1830 1102 1892 56
1123 1833 1302 1925 praecepta.
1340 1827 1422 1894 Scri

235 2019 238 2024 Ι
297 1934 424 2012 pturae:
452 1947 621 2012 nunquam.
643 1940 777 2010 nanque.
810 1933 977 2014 utranquc.
1005 1928 1103 1998 uioiis
1127 1930 1275 1998 stulticia.
1300 1921 1433 1996 damna·

297 2031 420 2098 damno.
452 2051 510 2099 con
512 2038 658 2099 tem.nerc
690 2031 925 2115 contempseris
959 2037 1120 2117 temptata.
1149 2034 1281 2101 autoris.
1312 2033 1423 2116 ceptis.
1464 2114 1466 2118 Ι

297 2153 417 2220 que:
435 2154 525 2220 quae.
546 2133 734 2202 lictatur:
751 2134 872 2202 litatur.
901 2135 1006 2205 thure.
1035 2136 1184 2205 bacho.
1175 2155 1289 2272 imago.
1320 2133 1423 2219 Saepe

297 2239 373 2306 lacit
393 2257 464 2307 cum
486 2238 554 2306 cod.
582 2237 682 2306 ΙΙ

382 2341 547 2426 abdito
563 2365 585 2406 a
602 2338 751 2424 Centone,
767 2353 804 2407 at
818 2339 1120 2430 uidetur-,cmpresaa
1129 2333 1314 2409 modiola.
1328 2346 1421 2409 1483.

267 2404 378 2514 'Bibl.
382 2347 547 2531 3Spencer.
570 2443 624 2512 IV.
648 2465 678 2530 p.
703 2449 872 2512 264-266
896 2466 926 2513 n.
950 2451 1024 2529 861,
1046 2446 1127 2515 liber
1143 2464 1287 2514 summae
1307 2443 1421 2512 rarita-

296 2552 347 2631 tis,
364 2568 457 2634 quem
477 2549 615 2618 Ebertns
636 2549 813 2634 ignorabat.
851 2547 986 2616 Constat
1008 2554 1048 2615 27
1071 2548 1154 2618 loliis
1175 2550 1207 2616 in
1230 2553 1261 2615 4.
1285 2548 1340 2632 (26
1356 2546 1422 2616 loll.

296 2675 346 2739 ap.
368 2653 493 2721 Dibdin.
515 2653 536 2720 l.
558 2651 579 2718 l.
602 2672 633 2736 p.
657 2652 742 2737 266).
779 2652 818 2718 In
840 2649 914 2719 lolio
938 2657 989 2720 27.
1012 2653 1076 2721 exit
1097 2671 1169 2720 cum
1190 2652 1304 2735 uiginti
1325 2652 1422 2719 versi·
1490 2673 1494 2679 ·

229 2810 232 2813 .
295 2759 355 2826 bus
376 2759 529 2843 Anglicis;
552 2756 703 2842 colophon
725 2757 831 2825 adest:
855 2757 981 2840 explicit
1002 2756 1104 2823 catho.
1139 2755 1263 2823 Folium
1285 2755 1422 2838 primum

295 2862 479 2948 inscriptum
501 2867 563 2928 est:
591 2862 652 2928 llic
677 2860 788 2945 incipit
816 2879 934 2944 parvus
960 2856 1069 2927 Cbato.
1115 2859 1169 2925 In'
1181 2859 1298 2941 pagina
1325 2858 1423 2924 tertia

255 2967 425 3058 Ι,6166ςί666
445 2966 505 3033 Hic
525 2963 597 3032 finis
614 2965 717 3054 porci
735 2963 887 3054 cationis.
932 2965 993 3032 Hic
1009 2959 1137 3048 ‘pervus
1159 2958 1258 3030 catho’
1279 2967 1354 3046 post
1374 2961 1433 3028 in·.

295 3069 495 3152 scriptionem
516 3068 583 3138 iolil
606 3068 861 3136 ladumbratum
875 3067 938 3134 lert
957 3068 1203 3151 praeceptorem,
1226 3065 1281 3151 qui
1295 3064 1328 3131 in
1342 3064 1422 3132 sella

181 3179 185 3189 '
295 3173 385 3240 sedet
397 3174 518 3257 virgam
532 3172 761 3257 disciplinarem
776 3171 888 3238 dextra
902 3176 1013 3238 tenens
1028 3175 1165 3254 anteque
1180 3187 1252 3235 omn
1268 3170 1421 3253 quattuor
1505 3191 1508 3195 ·

294 3295 418 3361 pueros,
440 3277 519 3344 duos
540 3276 572 3344 iu
592 3275 735 3361 genibus,
757 3274 837 3342 duos
859 3280 991 3356 stantes,
1014 3274 1128 3360 quibus
1147 3292 1281 3359 poenam
1302 3271 1422 3339 indicat

263 3452 267 3458 ,
294 3399 421 3448 manum
441 3380 601 3459 sinistram
621 3379 705 3447 iusto
726 3371 877 3446 maiorem
900 3378 1042 3445 tendens.
1088 3376 1202 3462 Incipit
1225 3378 1333 3442 autem
1355 3373 1420 3441 ito:

294 3483 359 3551 VM
379 3491 430 3552 aia
458 3481 622 3551 advertero
649 3501 744 3567 quam
770 3483 859 3551 hoies
885 3480 1026 3568 graviter
1054 3498 1169 3548 errare.
1212 3479 1302 3547 Haec
1323 3478 1422 3546 uerba

296 3592 415 3673 septem
436 3589 578 3658 versibus
599 3587 803 3674 sequentibus
824 3587 954 3672 antiquo
983 3603 1127 3654 sermone
1148 3582 1281 3668 Anglico
1306 3600 1421 3667 compo

155 3751 158 3756 .
296 3691 367 3760 sitis
387 3692 533 3776 explicito
553 3697 643 3760 sunt.
863 3754 864 3757 ,

397 3797 500 3864 Whan
519 3796 542 3864 J
562 3795 722 3864 adverte
713 3814 745 3861 m
766 3788 820 3879 rny'
841 3793 1101 3881 rememhreunce
1189 3839 1192 3844 2

391 3900 469 3969 'And
491 3919 544 3968 see
556 3899 632 3967 holb
653 3897 724 3967 ledo
745 3898 850 3966 sollres
872 3887 999 3982 (folkes)
1022 3913 1114 3963 ernon
1133 3893 1303 3980 grenonsly
1397 3894 1401 3898 '

398 4004 440 4071 Jn
462 4003 516 4072 the
536 4022 604 4087 wey
624 4001 660 4069 ol
677 4007 828 4070 vertuous
843 4017 1069 4085 governaunca
1106 4007 1107 4010 ’

398 4108 419 4175 Ι
439 4107 520 4175 haue
540 4097 699 4193 supposyd
721 4106 754 4172 in
775 4123 850 4190 myn
869 4104 962 4171 herto
982 4101 1055 4170 that
1074 4100 1112 4168 Γ

399 4208 507 4293 Ougbt
526 4214 560 4277 to
582 4213 732 4294 supporto
753 4208 817 4276 and
838 4204 989 4289 connceyl
1010 4202 1180 4288 prudently

399 4313 496 4382 Thon
518 4318 552 4381 to
573 4313 615 4381 be
634 4317 785 4380 vertuous
806 4311 840 4376 Ιιι
861 4308 997 4394 Lynpng

399 4418 470 4485 And
490 4416 565 4485 holb
586 4416 660 4500 they
681 4414 751 4482 shal
773 4414 859 4481 them
880 4411 944 4480 soll
961 4412 994 4478 in
1015 4409 1139 4477 honour
1155 4411 1268 4495 bryng.

382 4522 526 4591 Totidem
547 4519 700 4589 eiusmodi
721 4517 832 4587 versus
855 4518 923 4584 dati
943 4522 1020 4585 sunt
1049 4517 1080 4600 1)
1104 4513 1225 4582 verbis:
1252 4511 1356 4596 Igitur
1376 4508 1423 4578 fili

203 4693 207 4702 .
299 4625 459 4694 carissime
480 4625 597 4694 docebo
617 4627 651 4691 te
665 4640 727 4706 quo
742 4626 835 4707 pacto
856 4639 971 4687 mores.
1006 4621 1039 4705 2)
1052 4619 1165 4705 Itaque
1186 4617 1245 4685 deo
1268 4613 1422 4701 supplica.
1518 4653 1520 4662 ‹

299 4737 447 4816 parentes
475 4747 554 4796 ama.
592 4728 625 4812 3)
652 4725 841 4811 Magistrum
877 4729 993 4791 metue.
1050 4721 1130 4789 Rem
1162 4725 1250 4808 tuam
1287 4716 1436 4784 custodi'

300 4834 334 4918 4)
355 4832 468 4902 Libros
488 4833 567 4917 lege.
602 4829 716 4898 Libros
737 4828 832 4896 disce.
854 4824 940 4911 quod
953 4824 1067 4912 legeris
1081 4803 1248 4910 memento.
1276 4821 1309 4904 5)
1321 4820 1423 4888 Troco

298 4936 382 5005 lude.
424 4935 519 5004 Aleos
540 4933 624 5018 luge.
657 4933 789 5001 Pactum
811 4948 916 4999 serua
955 4928 1031 4998 istis
1053 4897 1196 5042 versibus
1210 4923 1325 4992 adnexi
1347 4925 1424 4991 sunt

300 5037 353 5110 alii
374 5043 460 5162 octo:
