3130 5662
250 1041 342 1116 ,xxxia
716 1037 922 1094 Pununhmo.

254 1163 335 1274 toto,¹
355 1197 392 1259 ut
413 1194 513 1276 aiunt,
536 1152 621 1261 coelo
645 1195 728 1260 inter
750 1216 784 1264 se
807 1197 964 1262 differant
1001 1195 1130 1262 Marcus
1151 1194 1291 1261 Zuerius·
1308 1195 1387 1272 Box-

128 1287 146 1355 ss
254 1295 432 1382 hornius¹¹)
455 1302 562 1364 autem
584 1298 736 1380 peculiari
765 1299 988 1366 dissertatione
1017 1299 1078 1366 hoc
1109 1299 1192 1381 agit,
1220 1302 1390 1364 utcontra

253 1417 377 1465 omnem
400 1400 465 1466 veri
488 1399 624 1484 speciem
647 1402 769 1485 probet
793 1403 962 1468 Auctorem
984 1421 1047 1468 non
1063 1400 1156 1469 modo
1174 1399 1389 1466 Christianum

254 1501 311 1567 sed
333 1503 428 1568 etiarn
450 1504 643 1586 Barbarum,
665 1505 770 1571 nescio
793 1524 903 1588 quem,
927 1504 1134 1586 Monachum,
1157 1524 1176 1569 a
1199 1502 1388 1588 quibusdam

259 1605 407 1689 Melitam,
429 1609 455 1674 si
478 1595 571 1674 modo
594 1609 662 1674 sine
684 1609 749 1676 risu
771 1608 938 1674 memorari
953 1609 1064 1690 possit,
1087 1610 1127 1674 ab
1154 1609 1224 1674 aliis
1238 1607 1388 1672 Ioannem

257 1707 466 1775 Clothomr‘am
495 1711 697 1795 appellatum.
744 1714 794 1778 Ita
821 1712 903 1778 eninr
932 1731 976 1778 exv
996 1695 1209 1795 nugacissima
1237 1709 1389 1776 relatione

254 1813 418 1896 didicerat
440 1834 534 1899 quam
557 1816 677 1882 Auctor
698 1815 827 1900 qnidam
848 1814 1075 1896 glossematum
1089 1810 1091 1814 ’
1104 1813 1274 1896 exemplari
1297 1813 1388 1878 istius

253 1917 369 1983 Libelli
390 1918 421 1984 in
444 1919 628 1985 membrana
643 1923 772 1986 exarato
787 1917 981 1984 adiecturum
997 1916 1189 2002 praefationi
1200 1917 1387 1982 inseruerat.
1447 1945 1449 1949 ·

254 2019 338 2088 Sane
361 2022 435 2088 dum
458 2008 618 2088 cornicum
639 2022 746 2090 oculos
769 2020 927 2105 configere
949 2025 983 2088 ct
1004 2020 1076 2104 plns
1094 2019 1226 2105 reliquis
1241 2019 1293 2086 hic
1308 2019 1388 2086 scire

254 2125 380 2192 volebat
401 2125 608 2208 Boxhornius,
631 2126 746 2192 nimiae
768 2125 990 2207 festinationis,
1011 2144 1052 2193 ne
1079 2125 1181 2191 dicam
1199 2123 1389 2189 temeritatis

254 2232 289 2294 et
307 2227 538 2312 imprudentiae
553 2229 742 2297 documenta
762 2229 861 2296 dedit.
898 2215 1104 2295 Manifestum
1123 2245 1196 2296 cum
1212 2225 1389 2292 Vindiciani

254 2330 469 2397 testimonium
491 2318 683 2416 peruertere,
705 2334 774 2400 loca
797 2332 1068 2398 etiamnonnulla
1092 2330 1187 2414 longe
1209 2331 1271 2396 alio
1293 2329 1389 2412 perti·

253 2437 361 2500 nentia
375 2454 576 2520 corrumpere
591 2437 699 2518 volunt,
723 2442 759 2502 ut
773 2455 850 2502 suae
865 2436 906 2503 de
921 2434 1164 2502 christianismo
1180 2434 1273 2499 istius
1288 2433 1388 2514 inepti

252 2536 388 2604 hominis
410 2557 430 2604 a
452 2557 487 2605 se
508 2540 663 2606 nominati
690 2558 727 2606 ac
748 2543 921 2620 nuinquam
947 2538 1087 2630 ¹fortasse
1115 2537 1183 2602 nati
1211 2537 1389 2603 sententiae

253 2641 418 2706 servirent.
463 2642 615 2728 Denique,
639 2648 677 2709 ut
703 2642 809 2727 plures
839 2641 1204 2723 alios-praetermittam,
1227 2641 1276 2706 Io.-
1295 2638 1387 2724 Oasp.
1428 2719 1431 2724 Ι

253 2742 427 2812 Malschius
453 2745 486 2810 in
509 2746 708 2813 Praelatione
733 2745 892 2813 Editionis
920 2763 998 2813 suae
1027 2743 1147 2826 aliquid
1169 2742 1390 2808 Maniliorum

217 2876 221 2882 ·
254 2863 290 2913 se
316 2845 349 2913 in
377 2848 427 2914 his
454 2847 605 2928 Distichis
634 2834 789 2934 reperisse
816 2853 941 2931 namet,
966 2849 999 2914 h.
1023 2868 1051 2915 e.
1080 2846 1277 2933 eiusmodi,
1305 2847 1389 2929 quod

148 3018 153 3027 ,
254 2950 411 3032 ostendat
427 2969 521 3032 posse
535 2949 712 3017 Manilium
729 2950 815 3018 illum
830 2957 966 3035 poetam,
981 2951 1192 3018 Astronomici
1210 2951 1389 3035 Auctorem,

252 3071 312 3136 pro
332 3055 470 3138 genuino
493 3054 586 3122 istius
610 3054 723 3122 Libelli
752 3060 884 3139 parente
905 3072 969 3120 non
991 3053 1130 3122 absurde
1151 3053 1289 3135 censeri3
1318 3073 1389 3122 cunr

252 3165 359 3226 tamen
382 3157 534 3242 temporis
557 3157 725 3223 etaetatis
747 3157 827 3223 ratio
857 3155 1024 3222 manifeste
1052 3155 1110 3222 tali
1139 3157 1315 3223 sententiae
1336 3157 1391 3224 ob·

162 3287 166 3294 ·
251 3263 401 3342 luctetur,
423 3261 481 3328 sed
507 3260 657 3328 Manilius
684 3261 822 3344 Augusti
849 3259 1109 3338 maleaixerit,
1136 3277 1195 3325 sen
1216 3258 1267 3342 (ut
1288 3259 1402 3326 Janns

253 3348 346 3448 casp.
359 3361 529 3432 Genartius
540 3365 574 3431 in
585 3363 817 3431 Commentario
832 3349 1078 3448 Papinianarum
1092 3362 1278 3430 Lectionum
1290 3363 1351 3446 111,
1367 3363 1387 3428 3

253 3469 416 3554 censebat)
438 3468 480 3535 ad
502 3469 671 3536 Theodosii
694 3469 772 3551 Imp.
797 3473 941 3553 tempora
959 3466 1178 3534 detrudendus
1200 3484 1270 3533 esse
1284 3466 1391 3532 uidea-

254 3577 317 3638 tur.
340 3572 403 3638 imo
426 3571 586 3656 cumipse
609 3573 704 3639 etiarn
727 3571 900 3638 Malschius
928 3591 1001 3638 mox
1022 3573 1188 3654 agnoscat,
1209 3570 1390 3646 Auctorem,

119 3697 123 3706 ·
215 3711 218 3718 ·
254 3675 445 3760 quicumque
467 3675 593 3742 demum
615 3673 720 3755 fuerit,
743 3675 849 3759 potius
863 3673 905 3738 ad
921 3679 1060 3741 aetatem
1075 3671 1205 3757 Trajani
1227 3678 1283 3738 aut
1304 3675 1391 3738 certe

255 3778 485 3846 Antoninomm
508 3784 651 3864 tempora
679 3777 788 3846 reterri
819 3773 929 3863 posse’.
951 3777 1067 3843 —De
1095 3774 1308 3860 nugacissima
1337 3765 1420 3840 illa'

255 3882 409 3950 relatione
430 3881 506 3948 audi
527 3883 631 3966 ipsum
651 3878 865 3949 Borho'rnium
887 3901 919 3965 p.
934 3879 1015 3946 3562
1033 3875 1106 3946 ‘Est
1122 3894 1221 3964 penes
1234 3897 1285 3944 me
1300 3883 1391 3945 vetus
1439 3929 1445 3938 .

255 3985 336 4052 liber
357 3986 391 4051 in
413 3985 596 4053 membrana
618 3992 783 4066 exaratus,
805 3985 838 4050 in
863 3985 955 4051 cuius
981 3981 1180 4068 praelatione
1201 3976 1392 4048 ‘Glossema-

255 4093 323 4155 tum
347 4083 460 4155 hutor’
491 4088 665 4157 dehoram
689 4088 903 4155 Distichorum
933 4086 1095 4170 Scriptura
1124 4103 1223 4170 agens
1250 4079 1392 4153 meminit

257 4181 424 4258 cuiusdam
438 4189 544 4256 Tullii
554 4198 587 4260 et
598 4192 752 4260 iohannis
764 4190 942 4272 Clothomii,
953 4189 1116 4257 hominum
1128 4187 1391 4271 christianorum,

257 4309 392 4374 quorum
414 4293 500 4377 alibi,
521 4293 607 4377 quod
628 4295 735 4376 sciam,
763 4292 881 4360 mentio
907 4310 971 4359 non
997 4296 1112 4358 exstat
1156 4292 1329 4376 Postquam
1342 4292 1392 4359 'de

257 4433 461 4444 ..ι-...κινο-

328 4521 360 4588 ¹¹)
378 4519 459 4573 Marci
478 4519 560 4572 Zuerii
578 4517 716 4573 Boxhornii
733 4519 772 4572 De
790 4517 921 4580 Disticha,
945 4533 1012 4586 quaa
1034 4515 1083 4568 sub
1100 4512 1207 4569 Catonis
1224 4503 1326 4569 nomine
1344 4515 1393 4568 cir·

257 4609 438 4670 comtemnere,
456 4607 611 4659 Diaronatio
629 4626 654 4676 p.
672 4606 811 4662 att-set
828 4605 855 4656 in
872 4603 984 4656 editione
1001 4601 1140 4656 Arntsonii.
1175 4603 1200 4655 Δ
1216 4602 1350 4654 calumniis
1367 4611 1393 4654 et

258 4693 481 4746 obtrectationibno
498 4691 645 4756 Boxhornil,
664 4692 709 4761 qni
727 4691 837 4744 disticha
853 4689 969 4754 Catonis,
983 4684 1096 4742 ‘obscuri
1115 4681 1193 4757 aquo
1210 4689 1291 4756 inepti
1308 4687 1392 4741 homi·

258 4779 299 4832 nir
316 4779 425 4846 loetum,
448 4779 564 4831 aertimio
587 4796 634 4832 auo
658 4787 684 4830 et
705 4777 763 4830 loco
786 4793 888 4829 movero
911 4784 1018 4828 conotus
1041 4772 1087 4828 αι’
1111 4785 1292 4843 auctoremque
1314 4775 1394 4828 inisse

259 4864 430 4918 Christianum
447 4857 584 4929 contendit,
602 4866 726 4918 (tatonem
737 4863 872 4916 vindicarit
888 4863 915 4914 in
932 4862 1013 4915 libro:
1030 4861 1135 4914 Henrioi
1150 4859 1324 4928 &crepaturi
1340 4859 1393 4912 Ilo-

260 4951 352 5019 rcriptn
369 4948 523 5015 Boxlnornio‚
541 4951 567 5003 in
586 4951 626 5006 ed.
640 4951 773 5003 Arataenii
790 4947 851 5002 inde
869 4964 885 5000 ι
901 4965 960 5018 pag·
972 4947 1120 5012 365419,
1137 4946 1261 5014 capitibus
1273 4944 1393 5011 XXXMI,

260 5053 368 5106 eumque
385 5045 444 5090 anto
462 5035 659 5092 Constantinam
676 5037 768 5090 vixisse
786 5033 905 5088 orandis
974 5067 978 5076 ‚

429 5265 434 5302 l
462 5265 465 5272 ’
870 5288 875 5293 .

431 5317 434 5337 ¹
770 5317 784 5350 ἱ
