3094 5658
512 1025 514 1030 -
594 989 696 1042 LIBER
712 989 757 1042 1v.

156 1147 206 1208 37.
240 1144 394 1226 Tempora
414 1142 508 1227 ionga
530 1145 588 1211 tibi
610 1144 671 1210 noli
695 1144 876 1226 promittere
898 1144 1001 1210 vites:

241 1247 443 1332 Quoerrmque
465 1248 647 1332 ingrederis
670 1247 813 1333 sequitur
834 1267 919 1314 mors
941 1247 1080 1344 eorporis
1103 1249 1222 1317 umbre.

340 1456 388 1506 Est
405 1454 499 1508 iactura
515 1454 605 1522 gravis,
623 1471 688 1521 quae
707 1461 765 1505 sunt
782 1452 903 1505 amittere.
939 1452 1049 1504 Dumnis
1077 1428 1079 1432 Ι

341 1541 406 1594 Sunt
424 1530 548 1610 quaedam
566 1557 630 1608 quse
647 1540 712 1592 serre
729 1539 800 1591 decet
817 1539 949 1608 patienter,
967 1538 1083 1604 amicdm,

55 1676 58 1680 ,
134 1623 199 1694 ‘Ego
217 1633 242 1678 te
266 1625 362 1680 docebo
388 1643 445 1680 esse
469 1619 606 1694 quaedum,
630 1643 695 1694 quse
716 1625 811 1676 emises
833 1625 958 1694 patienter
984 1633 1009 1677 te
1032 1625 1096 1678 ferre
1118 1627 1259 1691 conveniat,

134 1709 198 1776 ipsis
215 1709 265 1762 tois
283 1711 383 1765 ἅοοιοίι
401 1714 514 1764 amicum
533 1711 703 1778 (amicorum).
721 1711 855 1763 Praetores
872 1711 909 1764 sio
926 1711 1260 1775 duodistichetrunceutur,
1314 1718 1316 1724 '
1419 1715 1423 1720 '

134 1804 222 1851 contre
240 1797 344 1850 Catonis
363 1816 468 1868 morem.
506 1798 548 1851 ad
566 1815 668 1850 sensum
686 1798 761 1850 huius
779 1797 881 1850 distichi
905 1806 983 1868 atque
1006 1799 1178 1872 praecedentis
1201 1819 1260 1860 cone

68 1959 69 1962 Ἴ
136 1882 211 1946 seras,
231 1901 296 1952 quse
315 1884 467 1938 drntrenius
486 1885 579 1937 edlert:
599 1885 630 1937 ‘si
648 1884 730 1952 gravis
749 1892 789 1936 est
806 1885 900 1936 iactnrs
926 1902 1045 1953 possesse
1067 1887 1196 1947 amittere,
1220 1904 1263 1939 eur
1298 1931 1302 1938 .

134 1968 252 2021 Disticho
271 1969 400 2038 superiora
418 1971 509 2036 ereptis
526 1970 617 2036 opibus
633 1970 744 2038 gaudere
762 1971 835 2023 rultl
864 1971 941 2024 Anno
957 1972 1020 2024 haee
1037 1972 1177 2030 contraria?
1199 1973 1263 2026 Mire
1284 1967 1297 1976 ”
1358 2007 1362 2010 -

135 2054 199 2106 haee
216 2063 315 2123 torquet
332 2056 440 2108 Badius:
461 2057 594 2119 Quoniam,
613 2055 702 2123 iuquit,
720 2056 800 2108 Poeta
816 2056 891 2109 ruodo
917 2057 1014 2120 docuit,
1039 2074 1090 2109 non
1113 2075 1170 2110 esse
1193 2076 1261 2111 mos·

134 2143 242 2194 rendum
262 2142 347 2204 nimis,
364 2142 479 2211 quamvis
497 2142 564 2193 bons
581 2141 653 2194 nobis
671 2150 757 2210 erepte
775 2141 838 2203 sint3
858 2159 926 2194 nuno
943 2142 1063 2205 ostendit,
1092 2143 1192 2212 quando
1217 2144 1263 2196 do·

134 2227 239 2280 lendum
262 2246 312 2282 non
331 2237 386 2292 est,
404 2229 536 2292 videlicet,
561 2231 662 2299 qnando
681 2230 811 2282 amisimus
829 2247 859 2282 eo
876 2229 931 2281 sine
948 2237 1034 2280 nostra
1052 2238 1097 2281 ιιιιι
1120 2231 1198 2298 culpa
1220 2239 1265 2283 οιιι

134 2314 297 2382 neplipersts'a.
332 2315 439 2380 Quando
459 2335 521 2369 vero
541 2333 598 2368 eum
615 2316 707 2368 dorsuo
724 2325 825 2368 nostrae
836 2319 929 2384 samue
943 2316 1195 2370 osctoirtrstr‘snostro
1207 2318 1264 2371 vitio
1354 2327 1358 2332 “

134 2403 243 2468 patimur
270 2403 446 2456 detrimentum
474 2421 573 2466 rerum,
599 2412 652 2456 tum
677 2404 784 2456 hercule
807 2403 914 2456 moleste
939 2413 966 2456 et
991 2403 1073 2472 gravis
1099 2413 1138 2456 est
1161 2405 1261 2457 iectura.

134 2485 208 2540 Certe
226 2489 353 2557 possessio
372 2506 553 2555 rerumquae
572 2507 624 2541 uon
640 2489 792 2556 recuperari
804 2492 921 2556 picarum,
938 2490 1032 2543 leniter
1050 2499 1075 2543 et
1092 2509 1138 2544 nos
1155 2500 1181 2544 et
1192 2491 1265 2543 amici

137 2573 270 2626 nobiseum
289 2575 353 2628 serre
371 2575 499 2628 debemus.
535 2576 584 2640 Qui
603 2577 734 2628 meliorem
751 2595 854 2628 sensum
874 2576 1034 2628 comminisci
1063 2584 1155 2645 potest,
1177 2576 1267 2647 fseist’

136 2658 173 2710 Vt
198 2659 403 2728 interpretatione
426 2660 553 2713 Badius
545 2680 571 2713 ιιι
596 2662 728 2715 Auctorem
752 2671 865 2714 nostrum
889 2680 918 2750 se
941 2662 1034 2726 intulit,
1059 2663 1096 2715 sio
1119 2664 1268 2717 comotione

94 2801 98 2810 ¹
135 2743 182 2796 llir
199 2744 294 2798 Doctus
312 2746 380 2814 apud
397 2745 579 2799 Arutrenium:

342 2807 608 2902 Estraeturagrsris,
627 2833 757 2900 quisunt,
775 2835 888 2888 emittere
906 2813 1009 2901 amicos,

343 2918 409 2970 Sunt
426 2919 549 2988 quaedam
568 2939 632 2988 quae
649 2924 714 2975 serre
732 2921 804 2974 docet
820 2922 955 2992 patientia,
973 2921 1075 2977 domno.
1134 2947 1135 2950 ¹

138 3003 277 3057 Scriverius
295 3004 386 3057 edidit:
409 3035 436 3044 -
457 3023 523 3074 quae
539 3005 604 3060 ferre
622 3008 695 3062 decet
713 3009 838 3077 patienter
864 3009 1084 3078 amicus-Legitur
1110 3009 1214 3076 amicus,
1237 3027 1269 3063 ex

137 3091 262 3145 sententio
280 3090 438 3146 Witholiil
462 3095 485 3147 l.
503 3095 596 3145 errore
619 3094 782 3163 typographi,
801 3103 830 3146 ιιι
852 3112 923 3159 reor,
949 3112 995 3164 pro
1013 3095 1123 3159 amicos,
1149 3096 1171 3148 si
1194 3096 1269 3148 sinaul
1325 3119 1332 3127 ·

137 3177 206 3230 iubet
230 3195 276 3246 pro
301 3177 371 3230 dccet
389 3178 531 3243 adderetur,
550 3180 608 3248 legi
643 3181 714 3232 Ει
693 3198 729 3233 sse
746 3180 884 3248 aliquando
901 3181 1015 3249 placuit'.
1050 3181 1174 3234 Nonnulli
1198 3181 1268 3251 lege·

138 3272 197 3315 runt
213 3264 342 3332 supienter
367 3283 413 3333 pro
426 3265 564 3332 patienter,
582 3267 651 3334 quod
673 3267 803 3319 Plaundes
822 3267 976 3336 adgnouisse
993 3269 1100 3331 ridetur,
1131 3267 1175 3337 qui
1191 3269 1263 3321 vertit

138 3344 220 3400 usos
239 3349 394 3418 φρονέοντα
411 3349 576 3420 φέρεινέᾔ
562 3367 658 3405 ε.οικεν
686 3352 757 3406 Idem
774 3371 861 3406 rocem
873 3351 978 3405 damnes
988 3353 1105 3423 neglexit,
1117 3373 1192 3423 quem
1204 3354 1265 3407 Sca
1341 3350 1348 3356 ’

137 3436 202 3503 liger
219 3437 328 3490 reddidit
343 3456 389 3507 per
408 3435 537 3509 τύχαις.

206 3523 249 3578 37.
269 3522 345 3591 longa
362 3531 405 3574 tue
422 3525 501 3590 (tuae)
514 3524 620 3577 Membr.
652 3526 808 3595 Quodcirqus
826 3525 895 3578 Cart
914 3527 975 3582 861.
994 3524 1128 3594 ingredere
1144 3525 1200 3579 Ital·
1212 3544 1267 3579 eor·
1293 3524 1306 3588 J
1411 3581 1414 3588 .

137 3609 206 3676 poris
230 3606 345 3658 umbram
370 3608 566 3661 RYSlIlDKM
590 3611 658 3664 Mox.
677 3611 740 3664 Vox.
764 3612 852 3681 (lamp.
875 3611 927 3686 Pr.¹
941 3612 1047 3664 Membr.
1074 3611 1200 3666 ltal'Veu
1227 3615 1271 3680 91,

138 3695 213 3752 1685.
232 3695 304 3748 Leid.
322 3697 367 3749 Ill.
390 3697 471 3749 Editr.
491 3697 560 3749 Flor.
578 3695 654 3752 Boill.
672 3706 697 3750 et
715 3697 840 3767 quaedum
858 3697 932 3750 eliae.
948 3775 950 3780 Ι
968 3698 1030 3749 Cum
1049 3697 1137 3749 Latius
1162 3716 1212 3750 non
1230 3699 1272 3750 di-

140 3791 238 3834 ceretur
255 3782 347 3834 umbro
364 3779 476 3848 eorporis
492 3784 510 3838 i.
529 3783 611 3852 imago
627 3785 737 3853 corporis
749 3784 965 3852 psseleseudsest
977 3784 1050 3836 lectio
1063 3783 1172 3853 eorporis
1184 3785 1273 3838 umbre

44 3935 47 3940 ι
141 3885 159 3919 ιι
177 3867 243 3920 EZV
261 3877 287 3920 et
304 3868 329 3920 iu
348 3869 440 3921 ueteris
474 3869 544 3921 libris
573 3879 649 3938 utque
676 3871 702 3922 in
730 3876 837 3939 ‘septem
864 3870 936 3922 codd.
959 3870 1089 3922 Arntsenii
1110 3870 1187 3923 Editt.
1205 3871 1272 3939 Aug.
1312 3907 1315 3913 -
1407 3937 1414 3944 ι

137 3954 214 4006 Vind.
233 3954 315 4008 unct.
336 3954 452 4008 Scriver'.
500 3954 619 4008 Arntzen.
642 3957 729 4025 (mors,
749 3957 862 4025 eorporis
881 3955 990 4022 umbra).
1026 3948 1141 4014 Sensusr'
1154 3945 1225 4010 ¹ruors
1247 3966 1274 4010 ιο

142 4040 257 4108 sequitur
275 4048 398 4106 tamquam
416 4043 505 4093 umbra
522 4045 635 4110 eorporis
654 4043 699 4096 tui.
743 4040 834 4092 Vmbro
852 4041 967 4108 eorporis
987 4059 1047 4109 ergo
1070 4059 1121 4095 nou
1148 4042 1274 4112 adpositio
1355 4061 1374 4070 ··

141 4134 188 4190 est,
206 4135 236 4179 ut
252 4127 368 4179 Arutzen.
389 4128 519 4197 opinatur,
538 4129 581 4198 qui
599 4129 672 4181 dicit:
691 4128 747 4181 ‘sed
765 4129 895 4196 eleganter
910 4144 979 4179 mors
995 4130 1037 4180 hic
1054 4123 1143 4182 dieitur
1160 4127 1274 4196 corporis

141 4215 241 4275 uestro,
260 4214 319 4280 quis
335 4223 395 4282 post
411 4224 522 4268 mortem
540 4224 640 4284 praeter
656 4217 773 4268 umbram
792 4215 857 4267 nihil
875 4215 909 4266 sit
928 4214 1073 4282 reliquum’.
1099 4213 1211 4277 Minime,
1229 4214 1275 4268 sed
1318 4275 1322 4282 ,

141 4299 203 4368 quis
219 4299 314 4366 ubique
331 4317 416 4352 comes
441 4307 480 4352 est
497 4301 615 4369 eorporis.
648 4302 684 4354 Ac
700 4310 823 4369 quantum
843 4300 925 4352 differt
950 4317 1018 4351 mors
1042 4316 1127 4352 comes
1149 4317 1169 4352 s.
1187 4299 1276 4353 umbre

142 4387 254 4454 eorporis
272 4387 305 4438 ab
323 4387 447 4440 umbris
439 4405 465 4439 ιιι
483 4387 591 4456 Vergilii
608 4388 737 4440 Aeneidos
755 4386 832 4438 Libro
850 4395 962 4460 sextos.
981 4388 1039 4450 lOl,
1058 4387 1110 4442 510
1127 4392 1173 4442 ets.
1208 4385 1276 4438 Hine

142 4473 217 4525 etism
236 4472 345 4540 simplici
362 4473 459 4541 origine
476 4483 532 4526 orta
550 4483 590 4526 est
606 4473 679 4525 tortia
697 4472 773 4524 lectio
793 4487 885 4536 corpus
903 4477 932 4520 ot
950 4469 1049 4532 urndro
1076 4487 1140 4539 ques
1157 4470 1182 4522 iu
1200 4469 1274 4522 nullo

142 4558 245 4627 quidem
263 4557 324 4612 eod.
343 4557 400 4609 MS
419 4559 501 4622 obsis,
520 4567 606 4612 tamen
625 4576 682 4610 rero
704 4567 805 4626 recepts
829 4574 845 4608 a
870 4555 986 4609 Planude
1008 4550 1064 4630 (ll-¹
1086 4552 1147 4606 σκιὰ
1170 4553 1277 4619 σώματι

141 4641 198 4714 γὰρ
214 4641 303 4712 μόρος
320 4638 443 4711 ἕσπεται)
462 4643 591 4712 Scaligero
608 4639 729 4713 (Σώμοιτι
745 4641 800 4713 γὰρ
819 4639 914 4694 σκιὰ*
897 4659 946 4708 ως,
970 4638 1063 4693 ireres
1078 4638 1176 4710 μόρος)
1200 4640 1275 4696 Dau.

143 4734 195 4785 mio
213 4730 308 4800 (¹etiem
326 4729 432 4792 Frisios,
451 4728 594 4792 Corderiua,
612 4729 737 4782 Lentulus
765 4740 790 4783 et
807 4729 891 4783 l’ulru.
914 4727 947 4780 sd
970 4747 1039 4781 oram
1065 4744 1126 4780 suae
1133 4727 1275 4781 Editionis

144 4818 181 4870 sio
197 4813 334 4884 legerunt’)
351 4813 527 4867 auctoritatem
547 4815 671 4883 quandam
699 4822 780 4867 nacte
798 4824 847 4868 est.
892 4815 941 4866 Est
968 4814 1070 4882 quidem
1096 4812 1220 4882 porticulo
1246 4821 1278 4865 ιιι
1369 4853 1381 4863 .

145 4899 285 4955 sententiae
317 4901 380 4954 satis
408 4901 574 4964 conveniens,
607 4902 652 4954 sed
679 4901 780 4970 glossas
814 4902 888 4969 qussi
915 4917 1021 4954 munere
1052 4899 1171 4968 iungitur,
1211 4889 1278 4954 uiuit

71 4990 72 4994 ’
149 4986 270 5056 amplius.

1040 5071 1165 5130 7·-
