3130 5662
274 1071 349 1114 xxm
634 1011 638 1016 ¹
674 1063 676 1068 ·
731 1019 937 1102 Parumne.

274 1205 422 1273 interiora
450 1205 604 1272 rimantur
619 1201 719 1297 ‘illud
746 1205 890 1280 Arcaonc'r'
913 1202 1133 1294 Burdepoloe,
1158 1187 1256 1292 soleo
1287 1200 1405 1267 Catoni

275 1307 492 1396 adscriptum:
521 1309 554 1376 Si
577 1309 663 1376 Deus
691 1314 740 1377 est
765 1309 904 1382 animus,
932 1309 1023 1376 nobis
1053 1315 1089 1376 ut
1115 1307 1255 1373 carmina
1283 1306 1400 1388 dieunt,

274 1412 333 1479 Hie
355 1411 412 1478 tibi
435 1411 602 1497 praecipue
624 1413 666 1478 sit
687 1417 893 1494 puramente
915 1412 1074 1479 colendus.

359 1513 437 1598 (10.)
471 1513 672 1579 Ptolemaeus
701 1514 840 1580 Flavius
870 1535 938 1597 cap.
963 1520 1013 1582 95.
1045 1515 1225 1601 Conjeciun.
1254 1513 1351 1579 Tomo
1374 1512 1399 1577 I.

193 1663 195 1667 -
273 1617 365 1686 Thes.
390 1617 467 1685 urit.
489 1638 521 1703 p.
546 1618 621 1685 992:
653 1606 656 1612 ¹
1034 1621 1041 1636 '
1144 1641 1148 1646 ·

356 1721 439 1789 Illud
462 1739 587 1807 quoque
607 1722 675 1789 huc·
691 1723 844 1804 pertinet,
873 1723 957 1808 quod
980 1728 1056 1789 sunt
1084 1722 1231 1804 quidam,
1261 1719 1314 1802 qui
1336 1717 1402 1803 opi·
1522 1721 1526 1728 ’

273 1831 390 1892 uantur
409 1824 633 1891 Paraeneticon
657 1823 744 1891 illum
758 1826 908 1909 libellum,
932 1829 984 1910 qui
1000 1827 1107 1910 pueris
1121 1826 1223 1910 primo
1237 1823 1300 1907 legi
1322 1821 1403 1889 solet

272 1927 305 1993 in
330 1927 454 2010 scholis,
477 1946 632 2011 quemque
655 1929 811 1998 Maximus
825 1932 985 1999 Planudes
1006 1931 1039 1997 in
1060 1929 1216 1996 Graecum
1238 1925 1402 1994 transtulit

272 2049 457 2112 sermonem,
481 2036 518 2098 ut
539 2032 640 2109 titulo,
663 2033 709 2100 sic
729 2052 766 2100 re
787 2051 914 2117 quoque
936 2052 1005 2102 esse
1027 2032 1165 2114 Catonis,
1192 2047 1230 2098 eo
1252 2028 1337 2114 quod
1358 2027 1402 2094 ci-

272 2137 358 2200 tetur
378 2153 398 2200 a
421 2133 541 2201 Gellio:
574 2131 650 2199 Cato
674 2134 707 2198 c‘n
730 2135 828 2215 latro,
859 2136 921 2224 qui
939 2135 1115 2223 a'rreerr'ptue
1137 2145 1184 2197 eat
1207 2129 1341 2197 Carmen
1363 2128 1402 2194 da

271 2235 423 2301 moratus.
468 2237 599 2320 Deque
622 2235 742 2306 Catone
770 2239 964 2323 intelligant,
991 2239 1106 2305 nescio.
1150 2235 1235 2302 Illud
1256 2235 1424 2318 equidem·

271 2358 332 2406 non
363 2339 488 2424 ignoro,
516 2341 636 2406 nullum
665 2339 762 2409 luisse
789 2340 942 2410 Catonem
972 2346 1045 2427 post
1073 2340 1233 2410 Lucanum
1259 2339 1400 2416 Poetnm,

271 2441 359 2508 cuius
375 2442 563 2510 mentionem
577 2443 629 2510 hic
651 2443 746 2511 habet
768 2444 909 2527 libellus3
932 2445 1017 2527 quod
1039 2463 1115 2512 vcro
1136 2440 1273 2512 retertur
1299 2441 1400 2508 aPc·

269 2543 406 2631 lycarpc,
429 2546 516 2613 nulla
537 2547 650 2614 idonea
672 2548 862 2614 auctoritate
883 2547 1023 2614 fulcitur.
1073 2547 1133 2628 Qui
1155 2551 1261 2613 autem
1284 2543 1400 2636 Bootae

269 2649 449 2734 assignant,
477 2650 551 2733 styli
574 2638 759 2718 diversitate
784 2649 986 2717 refelluntur.
1027 2648 1102 2737 'Epo
1130 2645 1258 2735 quidem
1286 2645 1405 2710 incerti
1505 2652 1509 2663 ·

271 2774 338 2817 eece
360 2753 502 2816 auctoris
516 2764 647 2838 putam,
662 2758 699 2819 ut
720 2758 753 2820 ct
774 2754 859 2838 apud
881 2760 1017 2830 nostros,
1045 2759 1079 2820 ct
1099 2752 1172 2819 hinc
1194 2749 1272 2828 fieri,
1301 2755 1338 2817 ut
1359 2749 1400 2818 ab

272 2857 421 2933 Eresmo‚
443 2856 617 2923 Laurentio
638 2856 795 2938 vallensi,
820 2862 853 2924 et
882 2857 1016 2924 caeteris
1033 2875 1109 2928 ¹non
1139 2854 1248 2922 eodem
1276 2871 1402 2937 semper
1431 2851 1435 2856 '

161 3013 165 3018 .
271 2958 365 3028 titulo
392 2959 555 3043 allegetur.
600 2960 677 3028 Inde
706 2960 872 3028 autemid
902 2960 1035 3028 nominis
1062 2958 1213 3026 indicium
1242 2955 1400 3043 Opusculo

272 3061 429 3144 existimo,
450 3069 488 3129 ut
508 3063 569 3130 hec
590 3063 793 3149 inscriptione
814 3064 972 3132 indicetur
999 3063 1098 3130 totius
1117 3060 1218 3128 libelli
1239 3063 1401 3146 praestan·

270 3164 325 3246 tia,
339 3159 473 3249 'quando
496 3166 646 3235 Catonem
674 3169 847 3256 sapientem
877 3172 994 3236 vocant
1020 3164 1240 3248 Grammatici‚
1268 3171 1301 3232 et
1322 3163 1402 3231 dixit

271 3267 450 3351 Satyricus:
478 3271 604 3336 Tertiae
626 3291 644 3339 c
665 3269 750 3337 coelo
772 3269 889 3335 cecidit
914 3267 992 3335 (lam
1015 3278 1075 3337 ctc.

357 3374 436 3459 (ll.)
469 3373 601 3439 Hieron.
627 3371 811 3454 Cardenus,
831 3375 853 3442 l.
876 3374 893 3442 I
915 3374 955 3442 de
976 3372 1124 3443 utilitate
1145 3394 1184 3444 ex
1205 3374 1326 3441 advers.
1350 3389 1401 3437 ca·

270 3475 386 3560 pienda
407 3496 474 3562 cup.
497 3477 526 3543 t.
550 3491 581 3564 p
605 3477 663 3545 52:

382 3578 409 3647 O
431 3584 629 3666 quambene
651 3582 731 3650 dixit
751 3582 892 3664 quidam,
914 3582 974 3649 etsi
996 3579 1068 3648 rudi
1089 3581 1263 3650 Gamoena:

396 3685 555 3753 Virtutem
577 3688 710 3772 primam
733 3687 794 3754 scis
817 3703 896 3763 esse.
919 3703 1116 3768 compescere
1132 3683 1287 3768 linguam:

426 3789 591 3857 Ptoximus
613 3789 666 3856 ille
688 3790 754 3856 Deo
776 3790 830 3874 qui
852 3789 914 3856 scit
934 3790 1059 3856 ratione
1079 3793 1195 3856 tacere.

360 3891 437 3976 (12.)
471 3891 569 3959 Hanr.
592 3893 805 3980 Bulla'rrqerus
832 3892 887 3961 lib.
910 3893 927 3958 I
949 3892 989 3959 de
1019 3890 1107 3976 Orig.
1135 3891 1264 3958 Errom
1289 3907 1357 3972 cap.
1380 3893 1401 3956 8
1428 3916 1430 3920 ·

210 4017 214 4024 ’
271 4012 344 4080 pag.
367 3994 419 4061 34.
441 3994 478 4062 h:
728 4015 730 4020 ·
902 4047 905 4050 .

360 4097 481 4178 Quibus
502 4097 606 4166 verbis
637 4096 823 4183 (Ciceronis)
854 4096 1000 4182 congruit
1031 4115 1090 4181 per
1121 4095 1227 4163 omnia
1257 4098 1402 4164 sanctum

272 4199 350 4268 illud
371 4205 406 4269 et
426 4200 628 4268 decantatum
653 4199 784 4266 Catom‘s
806 4200 977 4269 distichon:
1252 4263 1255 4268 ,

479 4303 514 4371 Si
536 4305 622 4372 Deus
644 4310 694 4371 est
713 4305 837 4372 animus
860 4311 920 4371 etc
961 4300 1043 4369 Vide
1064 4301 1214 4390 reliqua'

360 4408 439 4490 (13.)
473 4405 547 4472 Jolr.
571 4403 716 4494 Scallqer
738 4408 856 4474 Ausou.
880 4405 967 4473 Lect.
989 4403 1010 4470 1.
1034 4405 1077 4486 11,
1099 4424 1126 4473 c
1140 4405 1209 4473 ¹32:

361 4510 477 4578 Extitit
498 4507 813 4596 quidem'parenturn
835 4515 1016 4597 nostrorum
1038 4512 1153 4592 ceute,
1178 4507 1241 4596 qm·
1257 4507 1402 4574 Ausonio

277 4610 573 4680 coronatorem
597 4635 698 4678 oueue
720 4611 765 4678 ait
786 4609 943 4677 adserere.
988 4611 1140 4692 Quisnam
1160 4611 1230 4697 ille,
1261 4613 1401 4696 obsecro,

275 4722 326 4786 est
346 4721 412 4784 tam
432 4715 572 4800 locuples
594 4722 715 4798 auctor,
737 4735 775 4784 ac
796 4717 946 4785 classicus
969 4717 1083 4786 testis?
1118 4715 1280 4804 Baptista
1299 4714 1401 4782 Plan

276 4820 331 4904 qui
354 4819 548 4904 temporibus
564 4821 630 4888 suis
646 4821 707 4888 tuit
727 4821 904 4906 cymbalum
918 4821 1021 4890 inanis
1043 4820 1225 4898 iuventutis,
1246 4818 1402 4900 hodieque

279 4922 455 4990 sententiae
478 4940 555 4989 succ
576 4929 748 4991 sectatores
775 4923 881 4992 habet
926 4924 1060 4992 Miseros
1081 4921 1240 5004 homiues,
1265 4920 1321 5007 qui
1341 4921 1401 4989 sub

275 5031 340 5092 tam
362 5024 459 5094 tantis
480 5025 614 5096 maxillis
641 5024 810 5094 mandunt:
843 5025 984 5094 anum
1012 5026 1067 5116 qui
1093 5029 1229 5112 possum
1256 5025 1312 5093 illc
1332 5041 1403 5096 esse
