3094 5658
201 1123 231 1186 4.
265 1116 372 1201 Dilige
394 1084 567 1199 censuim,
591 1115 646 1184 sed
669 1134 764 1199 parce
787 1115 882 1200 dilige
904 1113 1048 1199 sormam,
1164 1190 1166 1192 ,

266 1221 367 1302 Quem
388 1239 480 1288 uemo
502 1223 632 1287 sauctus
653 1237 712 1287 uec
733 1219 888 1287 honestus
910 1223 1020 1304 captat
1037 1221 1166 1290 habere.
1246 1270 1250 1315 5

156 1376 237 1446 magis
254 1373 421 1444 prospexeris.
458 1373 545 1428 Potest
562 1375 642 1442 accipi
660 1361 887 1443 hisarie'm'(quae)
910 1390 962 1424 mon
974 1373 1017 1426 'eet
1037 1374 1140 1442 iquos
1158 1375 1231 1428 nulla
1251 1385 1299 1454 eet,

155 1461 264 1517 subaudi
282 1477 366 1515 coeco.
395 1460 525 1514 Erasmus.
542 1478 600 1514 rem
617 1460 633 1512 i.
646 1476 758 1522 omnem,
776 1476 828 1511 nou
843 1457 1007 1524 familiarem,
1025 1477 1084 1513 cum
1101 1462 1224 1531 privatam
1242 1469 1299 1516 tum

155 1548 292 1618 publicem,
310 1563 368 1624 cum
386 1547 514 1600 forensem
532 1553 586 1598 tum
597 1544 741 1597 militarem.
768 1543 890 1600 humen.
908 1546 1040 1614 gubernas
1055 1548 1116 1602 Bas.
1128 1547 1209 1618 Neap.
1228 1549 1300 1614 quod

157 1651 210 1686 uou
228 1641 267 1686 ast
285 1632 424 1686 Scriverius
442 1632 531 1695 edidit,
550 1637 640 1685 coutra
657 1630 775 1683 omnium
792 1639 819 1682 ct
829 1629 907 1682 MSS.
920 1638 946 1682 et
958 1633 1027 1701 typis
1040 1640 1199 1686 exaratorum
1215 1633 1297 1687 libro-

156 1737 213 1774 rum
230 1719 412 1774 auctoritatem.
430 1734 528 1771 curcum
550 1716 645 1788 [cecam
657 1716 693 1787 X)
709 1715 998 1772 RYSEII'IBDI'KIIV
1009 1715 1070 1774 Bas.
1081 1718 1163 1788 Neap.
1176 1721 1240 1774 Veu.
1253 1723 1298 1779 93.

155 1805 214 1862 rell.
233 1823 346 1859 caueam.
363 1805 432 1874 quod
449 1805 547 1872 recepit
563 1803 669 1856 Scriver.
706 1801 760 1856 Sed
777 1803 843 1857 couti
861 1803 914 1857 cie.
931 1804 959 1856 iu
976 1804 1091 1874 Philipp.
1109 1805 1156 1860 Or.
1174 1807 1245 1872 XIII,
1262 1810 1297 1867 5:

155 1920 189 1933 -
207 1892 327 1944 Fortuna
343 1893 409 1961 ipsa,
427 1908 493 1962 quae
512 1889 603 1942 dicitur
620 1904 696 1940 cocco
714 1918 756 1942 -.
779 1888 833 1942 cic.
853 1889 911 1942 Διιι.
931 1891 977 1948 15:
1000 1889 1084 1944 Cocco
1100 1890 1221 1944 Fortuna
1237 1893 1297 1963 pie-

155 1996 262 2048 rumque
279 1996 324 2032 eoa
342 1977 419 2031 allicit
442 1993 543 2040 caecos,
568 1992 632 2044 quoe
654 1975 786 2045 complexa
809 1984 857 2030 cst.
892 1976 1019 2032 ‘Proiecto
1045 1977 1138 2031 clarius
1164 1979 1299 2034 extulisset
1358 2031 1367 2044 ,

154 2064 265 2118 Auctor:
284 2063 346 2118 Noli
363 2064 511 2127 Fortunam,
529 2080 595 2132 quse
610 2061 682 2114 uulla
699 2069 747 2128 eet,
766 2063 850 2116 dicere
867 2064 986 2118 caecam'.
1022 2064 1144 2134 Scaliger.

224 2154 250 2208 4.
275 2151 333 2204 Hoc
349 2150 477 2204 distichon
494 2150 559 2204 iuter
579 2152 707 2202 veratiora
730 2149 834 2203 (latonia
856 2157 905 2203 est.
941 2149 1059 2220 Scaliger
1076 2150 1214 2220 legendum
1231 2169 1295 2206 ceu·

156 2240 220 2292 suit:
236 2238 322 2308 Dilige
339 2237 439 2303 danari,
463 2236 510 2290 sed
527 2253 604 2306 parce
621 2236 699 2306 dilige
716 2236 832 2313 sormam,
856 2234 935 2294 Quem
958 2255 984 2290 u.
1002 2257 1024 2293 a.
1043 2254 1091 2291 accc
1108 2239 1136 2295 h.
1158 2245 1246 2307 cuptut
1262 2237 1298 2292 cd

156 2341 222 2379 cere.
256 2323 395 2378 Withctiua
418 2341 445 2392 p.
462 2324 514 2382 562
537 2322 619 2375 adfert
643 2321 777 2376 lemiouem
802 2322 871 2393 vulg.
907 2324 990 2388 Quam
1009 2353 1043 2366 -
1060 2331 1149 2392 captat
1166 2324 1205 2378 'ch
1227 2341 1297 2391 aare,

156 2418 233 2482 atque
250 2410 381 2466 emeudat:
400 2409 489 2480 Dilige
505 2417 537 2474 te,
555 2418 666 2463 terimam
686 2409 733 2462 sed
748 2427 776 2479 p.
793 2408 855 2464 dt
1052 2398 1056 2405 ¹
1280 2405 1283 2411 ’
1346 2411 1359 2429 “

402 2494 484 2553 Quam
502 2515 528 2549 u.
545 2515 568 2551 s.
587 2514 613 2552 u.
629 2496 656 2550 h.
675 2503 750 2549 curae
767 2496 872 2553 hahere.

157 2584 213 2649 ‘la
231 2584 322 2653 iuquit,
342 2584 482 2638 secuudum
498 2590 603 2636 naturae
621 2583 660 2636 ius
678 2583 802 2653 legesque
819 2583 922 2664 (1ἰ1ἰςο,1
933 2584 981 2638 aed
997 2584 1106 2638 formam
1123 2590 1237 2639 laceram
1254 2586 1296 2640 di-

156 2672 207 2740 lige
223 2687 315 2739 parce,
330 2672 415 2739 'quam
432 2687 508 2724 uemo
532 2676 634 2724 sauctus
651 2670 825 2738 honestusque
846 2669 942 2723 hahere
960 2678 1046 2737 curat,
1070 2680 1115 2725 aut
1129 2672 1297 2742 magnifacit.

158 2788 192 2799 -
209 2757 357 2810 Clausulam
376 2756 477 2809 distichi
493 2755 603 2826 sumpsit
620 2755 795 2809 sanctissimae
813 2758 923 2825 scriptor
940 2773 1015 2810 esuo
1026 2756 1143 2830 Horatio,
1162 2758 1207 2828 qui
1219 2757 1295 2822 lull,

155 2848 182 2909 2,
200 2845 251 2902 182
269 2843 368 2897 scribit:
385 2841 455 2895 Suus
472 2841 518 2909 qui
534 2857 588 2893 mora
604 2840 721 2906 taceam,
740 2849 778 2894 ert
796 2841 842 2908 qui
858 2858 911 2894 nora
924 2841 1111 2898 curathuhcre.
1140 2844 1208 2899 Vide
1220 2845 1298 2898 etiam
1351 2881 1355 2886 -

157 2931 301 2984 Bentleium
320 2930 353 2983 ad
369 2927 487 2982 Eundem
507 2928 538 2983 Fa
556 2927 578 2992 1,
596 2929 622 2992 2,
640 2928 692 2984 34¹.
727 2927 843 2982 Aleiatus
863 2927 968 2999 Parerg.
986 2929 1033 3008 IV,
1051 2931 1085 2986 23
1109 2930 1173 3000 leglt
1193 2937 1220 2985 at
1240 2931 1296 2986 di..

156 3017 246 3072 tinxit:
978 3065 981 3074 .

361 3084 448 3152 Dilige
465 3083 607 3152 denarium,
623 3082 670 3137 aed
686 3099 775 3152 perce:
794 3083 874 3154 dssige
890 3084 1011 3150 formam,

362 3173 445 3237 Quam
461 3186 537 3225 semo
553 3168 656 3236 cupieris
673 3169 712 3222 vel
727 3169 851 3224 housetus
865 3179 953 3240 captat
969 3170 1003 3224 at
1020 3186 1088 3246 ocra.
1128 3179 1130 3182 '

157 3277 314 3332 Borhomiua
332 3295 359 3348 p.
377 3277 429 3334 363
446 3276 563 3346 primitus
580 3277 620 3330 ita
636 3274 759 3345 scriptum
776 3274 860 3329 fuisse
875 3265 988 3345 putavit:

361 3352 446 3433 Diligd
463 3361 603 3425 denarium,
621 3362 667 3416 aed
684 3379 760 3432 parce
777 3361 866 3431 dllige.
882 3359 994 3413 Famam
1093 3359 1095 3362 ’

361 3450 427 3504 Nam
443 3466 519 3503 uemo
536 3456 638 3502 sauctus
655 3448 693 3502 vel
708 3448 832 3503 horestus
849 3455 935 3519 captat
953 3448 991 3500 ot.
1003 3465 1074 3506 cere.

158 3537 360 3608 ceuuegieterus
377 3554 404 3605 p.
416 3535 474 3592 ,494
491 3534 586 3589 voluit:
983 3593 984 3596 ,
1006 3570 1010 3576 ,

360 3621 447 3691 Dilige
464 3628 489 3672 tc
506 3619 605 3685 emori,
624 3619 670 3674 sed
686 3637 763 3690 parce
781 3619 861 3690 dilige
879 3620 996 3686 sormam,

363 3709 444 3772 Quom
463 3724 538 3760 uemo
556 3714 660 3761 sauctus
678 3722 725 3759 mee
739 3707 865 3760 houestue
882 3713 967 3776 captat
983 3704 1087 3761 hahere.

156 3799 246 3870 Neque
264 3813 368 3851 seucum
385 3811 470 3862 nequa
490 3794 626 3847 dictionem
643 3793 746 3848 distichi
763 3793 800 3847 aie
817 3793 946 3846 constituti
966 3794 1115 3863 probamus.
1151 3793 1293 3866 Gauregis-

145 3894 226 3939 teras
243 3902 259 3936 a
275 3899 335 3952 pag.
354 3880 491 3936 eet-502
517 3878 592 3934 docta
612 3879 756 3948 prolixitate
779 3879 812 3932 de
834 3885 925 3934 ornatu
949 3879 1102 3949 capillorum
1118 3880 1240 3948 (Mardal.
1256 3881 1291 3948 11,

162 3973 216 4040 66),
235 3971 268 4024 de
284 3967 408 4022 munditie
425 3967 461 4034 (p.
478 3966 547 4022 499:
576 3964 677 4019 ‘Noster
693 3973 810 4019 crustum
826 3967 925 4036 prohat,
943 3977 1002 4019 cum
1020 3965 1127 4042 Ovidius
1144 3967 1294 4021 munditiem

123 4073 128 4090 ⁸
156 4058 276 4124 nominat,
295 4063 373 4122 atqua
389 4061 419 4107 ut
436 4052 564 4122 intelligas
577 4051 728 4105 munditiem
740 4053 807 4106 huuc
819 4052 957 4122 significari
969 4059 1065 4117 nostro,
1083 4052 1119 4106 ita
1135 4052 1182 4106 ille
1193 4054 1221 4107 iu
1232 4070 1293 4108 scu·

156 4146 243 4200 tentiis
261 4141 415 4204 minorihus,
434 4155 499 4208 quae
516 4139 710 4207 praemittuntur
726 4137 792 4192 hhro
809 4139 908 4209 primo,
925 4137 1046 4192 Mundus
1062 4146 1129 4205 esto,
1154 4139 1224 4209 quod
1239 4138 1292 4194 lor-

156 4241 225 4286 taese
242 4229 336 4282 lemma
352 4226 401 4279 suit
418 4225 495 4278 huius
513 4225 627 4294 distichi,
646 4224 678 4278 de
695 4243 747 4295 quo
765 4225 802 4278 sic
819 4225 991 4294 disputamus)
1009 4232 1089 4295 atque
1107 4226 1140 4279 de
1156 4225 1251 4280 vestitu
1268 4233 1297 4300 et·
1379 4229 1385 4234 '

156 4317 244 4371 habitu
261 4312 389 4367 disseruit.
423 4310 477 4367 Cic.
495 4311 546 4364 ou.
565 4313 588 4376 1,
605 4313 653 4369 36:
672 4311 749 4380 ‘Ilrgo
767 4330 783 4364 a
799 4311 882 4365 forma
899 4320 1061 4366 remoueatur
1073 4315 1158 4366 omuia
1169 4311 1224 4366 riro
1241 4327 1292 4365 ucu

157 4404 251 4474 diguus
269 4407 383 4453 marm.
417 4398 457 4452 De
473 4416 522 4451 usu
541 4399 658 4452 dictionis
677 4397 765 4466 Dilige
783 4406 808 4452 te
825 4399 918 4451 ormari
935 4399 1028 4452 vellem
1046 4416 1127 4452 uuum
1148 4396 1293 4467 exemplum

156 4488 297 4544 adtulisset.
333 4483 471 4537 hmtzeuio
489 4491 574 4537 tameu
592 4485 655 4538 haec
673 4484 815 4538 emendatio
833 4492 905 4538 tauto
922 4485 1003 4555 magia
1015 4485 1149 4540 ridebatur
1162 4500 1291 4538 commea·

156 4573 261 4641 dabilis,
287 4588 338 4640 quo
355 4569 439 4623 miuus
457 4569 495 4622 ris
517 4570 584 4624 sacta
606 4571 641 4624 sit
662 4570 824 4640 antiquorum
848 4570 971 4624 Codicum
993 4569 1112 4635 lectioni,
1137 4577 1213 4639 atqua
1236 4569 1293 4640 ipsa
1399 4635 1406 4642 ἡ

157 4660 259 4714 distichi
285 4656 408 4711 renuntia
433 4655 564 4726 postulare
587 4653 708 4714 ridetur&
741 4655 869 4713 Boxhom.
887 4656 907 4710 I.
932 4657 952 4710 1.
979 4657 1017 4710 sic
1042 4657 1149 4729 exponit
1173 4673 1291 4716 seucum:

158 4744 288 4817 prudentis
306 4761 372 4808 esse,
390 4760 476 4796 amare
493 4744 625 4814 pecuniam
645 4744 729 4814 quoad
745 4762 836 4808 usumc
853 4745 925 4798 stulti
941 4761 1002 4800 vero
1019 4762 1086 4812 csse,
1104 4751 1131 4799 et
1147 4743 1226 4812 arari,
1242 4760 1290 4815 pe·
1389 4733 1399 4740 ⁸

156 4834 257 4887 curiam
276 4829 376 4895 amare,
399 4836 429 4883 ut
450 4831 531 4884 forma
554 4831 609 4884 eius
626 4838 703 4900 atque
720 4831 806 4902 specie
823 4830 890 4886 oculi
907 4838 1006 4885 tautum
1024 4829 1176 4901 pauonem!
1211 4828 1290 4884 uru-

155 4937 227 4974 mua:
245 4918 347 4974 ‘Amare
364 4913 498 4986 pecuniam
511 4915 544 4970 ad
560 4935 636 4988 usum
652 4917 785 4989 prudentie
796 4925 850 4973 este
869 4935 965 4984 amare,
983 4925 1012 4972 ut
1027 4918 1109 4972 forma
1119 4919 1211 4988 paicat
1228 4933 1289 4972 ocu·
