3130 5662
147 1035 149 1040 ’
213 1064 248 1109 lv
396 1045 401 1056 '
623 1101 627 1108 ,
673 1041 881 1098 essentum.

212 1200 271 1263 aut
291 1195 458 1280 descriptio
481 1195 559 1264 data
580 1196 695 1265 fuisset
721 1203 779 1265 aut
799 1203 889 1266 aetas
914 1185 1025 1266 ¹eorum
1053 1197 1226 1266 constituta
1247 1200 1344 1282 alque

215 1299 398 1368 auctoritas.
414 1319 416 1322 ·
436 1298 530 1383 Hinc,
545 1301 734 1384 praesertim
749 1320 821 1368 cum
837 1301 963 1385 elegans
984 1301 1045 1371 hoc
1067 1300 1252 1386 opusculum
1273 1300 1348 1368 hac-

213 1405 307 1470 tenus
329 1403 422 1486 plene
443 1403 633 1488 neglectum,
658 1423 699 1471 ne
721 1404 825 1471 dicam
848 1424 906 1474 con
908 1410 1061 1490 temptum
1083 1405 1242 1481 iacuisset,
1264 1401 1346 1470 hanc

181 1533 185 1540 ·
213 1525 272 1589 ego
294 1525 406 1574 novom
428 1505 506 1573 edit'
483 1511 601 1574 tronem
616 1507 751 1590 parandi
765 1508 929 1575 consilium
945 1508 1075 1575 Parisiis
1092 1508 1169 1592 cepi,
1192 1507 1247 1574 nbi
1261 1505 1346 1571 haud

213 1609 346 1694 exiguus
368 1608 661 1678 vetustissimorum
677 1610 821 1704 codicum
843 1630 994 1710 numerus
1016 1611 1165 1680 adservat
1166 1631 1211 1678 ur.
1265 1608 1347 1676 Sunt
1465 1695 1467 1704 y

163 1751 167 1756 ·
214 1717 323 1780 autern
344 1711 394 1778 hi:

303 1821 331 1881 1.
365 1815 729 1884 Pansmns2659in4.
752 1817 829 1884 min.
858 1817 932 1885 inde
960 1817 1075 1886 aiolio
1101 1821 1161 1885 132
1183 1816 1348 1903 usquead
1428 1801 1430 1806 ¹

215 1922 276 1984 140
298 1915 450 1986 Catonem
472 1918 684 2003 conplectens
729 1919 970 2004 longobardico
996 1921 1348 1988 charactera-exaratus

176 2037 178 2041 ·
212 2026 263 2090 est
283 2027 317 2091 et
344 2021 595 2108 pancis'glossis
613 2021 789 2089 instructus
817 2041 837 2089 a
866 2023 968 2106 prima
995 2043 1109 2102 manu,
1136 2040 1218 2106 qnae
1245 2022 1349 2091 varias
1456 2088 1458 2092 ,

119 2141 124 2149 ·
211 2125 364 2194 lectiones
379 2124 514 2193 subinde
528 2125 735 2210 supraposuit
749 2125 800 2192 vel
822 2125 919 2192 etiam
941 2127 1087 2195 correxit
1104 2156 1107 2161 ·
1123 2125 1349 2210 Inscriptiones

166 2229 168 2238 '
214 2235 248 2297 et
268 2228 382 2298 literae
402 2229 540 2297 initiales
562 2233 639 2296 sunt
660 2229 788 2298 rubrae.
832 2229 885 2297 Ad
907 2230 1024 2298 calcem
1049 2228 1179 2314 legitur.
1208 2228 1349 2296 EXPLI-

212 2331 283 2400 ΟΙΤ
315 2333 445 2401 LIBER
467 2332 662 2435 QVARTVS
685 2333 870 2401 CATONIS
892 2333 1161 2402 PHILOSOPHI.
1205 2335 1357 2424 Pertinet,

211 2436 255 2504 ad
282 2437 444 2506 saeculum
467 2455 594 2503 nonum.
640 2436 716 2504 lam
745 2435 875 2504 exhibet
898 2437 930 2522 1)
959 2455 1071 2505 versus
1102 2437 1173 2505 illos
1201 2436 1352 2505 undecim·

211 2545 287 2608 ante
307 2540 423 2608 librum
445 2539 635 2608 secundum:
657 2537 795 2607 Telluris
818 2539 845 2606 si
871 2537 954 2608 torte
975 2538 1053 2608 velis
1076 2558 1264 2626 cognoscere
1286 2538 1362 2608 cul··

211 2642 366 2712 tus-disca
384 2641 534 2728 legendo;
557 2644 591 2729 2)
613 2644 685 2712 illos
707 2663 764 2712 sex
786 2649 861 2712 ante
883 2645 1000 2712 librum
1025 2646 1171 2713 tertium:
1199 2646 1264 2724 Hic,
1283 2646 1350 2730 qui·

213 2764 348 2830 cumque
368 2745 455 2814 voles
477 2766 604 2816 carmen
621 2765 824 2832 cognoscere,
844 2747 946 2817 lector
967 2784 1011 2830 ·†
1025 2747 1109 2816 Nam
1123 2748 1191 2816 sine
1206 2748 1350 2816 doctrina

211 2850 280 2918 vita
301 2853 351 2918 est
372 2850 462 2932 quasi
484 2853 597 2919 mortis
618 2852 734 2936 imago,
757 2857 791 2921 et
817 2853 850 2939 3)
872 2857 1025 2936 quattuor
1045 2851 1117 2920 illos
1138 2857 1214 2921 ante
1234 2853 1349 2921 librum

211 2957 377 3036 quartum:
407 2951 558 3022 Securam
579 2955 772 3041 quicumque
801 2956 891 3041 cupis
919 2955 1077 3026 deducere
1104 2955 1201 3024 vitam
1221 2993 1264 3032 -,-
1285 2975 1350 3038 ma·

212 3056 324 3141 gistrm
357 3056 558 3141 Scripturae:
581 3059 707 3141 damna,
719 3058 863 3142 damnes,
877 3058 1002 3143 damno,
1018 3057 1349 3144 damnosasnmptus,

212 3199 444 3279 contempnere,
459 3200 695 3280 contempnens,
707 3201 876 3266 conmotus
888 3200 922 3264 et
931 3165 1131 3282 conteiirptus
1139 3197 1175 3283 ¹(l
1189 3216 1232 3264 m.
1244 3200 1350 3284 corn),

211 3296 329 3376 ledere,
355 3303 510 3384 prestare,
541 3317 676 3379 merere,
706 3301 803 3380 letus,
825 3301 968 3387 quesitis,
996 3299 1139 3380 haerere,
1166 3300 1254 3392 coeli,
1283 3321 1349 3369 um·

213 3419 319 3486 quum,
341 3421 523 3488 numquam,
551 3409 852 3488 quantumcumque,
883 3405 1083 3489 quicumque,
1105 3405 1245 3490 inpedit,
1267 3424 1347 3475 com·
1461 3405 1465 3410 '

213 3523 353 3589 pascere,
374 3506 525 3585 imminet,
542 3513 730 3591 sequuntur,
758 3507 912 3591 abundes,
940 3507 1100 3595 quicquid,
1122 3509 1208 3588 litus,
1229 3527 1349 3595 coerce,

215 3624 318 3677 m·
837 3634 840 3641 .

0 3762 204 3810 mmm
304 3715 335 3778 2.
368 3711 532 3781 Parisinus
559 3719 665 3796 8320,
693 3713 777 3783 foliis
805 3715 928 3784 octonis
955 3720 1120 3794 constans,
1148 3713 1351 3798 adquorum

214 3815 375 3900 margines
396 3834 417 3883 a
436 3835 533 3884 manu
555 3819 733 3894 recentiora
754 3819 875 3887 saeculi
896 3819 966 3906 XV.
996 3825 1055 3886 aut
1074 3818 1161 3886 XVI.
1183 3817 1352 3888 hincinde
1485 3899 1492 3906 .

215 3923 311 3987 notae
332 3918 502 4004 adspersae
523 3915 772 4005 conspiciuntur.
817 3922 951 4007 Spectat
980 3927 1086 3990 autem
1109 3921 1151 3989 ad
1173 3921 1291 3990 saeculi
1311 3921 1351 3991 lt
1417 4005 1420 4011 Ι

151 4015 154 4022 ’
215 4021 350 4089 initium.
394 4022 562 4107 Inscriptio
584 4025 684 4093 rubra
704 4030 830 4108 prostat
843 4024 980 4094 maxime
999 4024 1225 4094 memorabilis:
1242 4023 1352 4096 mcl-

215 4263 388 4334 auppeditarit
405 4264 435 4319 P.
453 4262 624 4320 Burmannus.
653 4266 738 4321 Huius
755 4266 859 4322 codicia
877 4267 934 4338 ipre
951 4266 1060 4321 duorum
1077 4266 1210 4322 latrorum
1227 4265 1350 4322 Golhtio·

216 4367 276 4404 uem
287 4350 454 4418 institueram,
472 4369 530 4407 cnm
547 4359 649 4423 tempus
662 4353 721 4407 aliia
739 4370 781 4407 me
794 4362 848 4407 tom
860 4353 1012 4424 implicitum
1022 4353 1136 4424 negotiis
1147 4359 1269 4419 avocaret,
1286 4370 1350 4424 quo·

215 4439 284 4490 circe
299 4437 436 4509 reliquum,
453 4438 523 4508 qnod
540 4447 681 4508 supererat,
699 4439 848 4493 mulereudi
865 4456 930 4493 onus
947 4438 1022 4493 alteri
1039 4439 1201 4494 commissum
1219 4455 1252 4495 ac
1268 4439 1351 4493 credi·

216 4531 279 4588 tum,
295 4524 346 4589 cui,
363 4524 433 4595 quod
450 4525 560 4580 fideliter
576 4526 722 4596 perfecerit,
739 4525 839 4580 edumei
862 4523 928 4578 milti
944 4523 1039 4593 ignota
1062 4525 1112 4580 hoo
1128 4525 1230 4580 uomina
1247 4543 1352 4596 maguae

215 4627 265 4680 ago
281 4611 414 4682 habeoque
429 4612 534 4682 gratia
569 4611 614 4666 Sic
630 4612 725 4680 haber,
749 4611 856 4678 Lector,
874 4611 968 4681 quibua
992 4612 1075 4682 copiis
1098 4620 1125 4669 et
1140 4610 1245 4668 auxiliis
1261 4611 1352 4666 herum

216 4689 336 4752 Virorum
347 4713 397 4751 nou
409 4697 602 4753 dissimulaudi·
612 4697 744 4752 benefieiis
757 4698 903 4766 instructus,
922 4696 956 4751 ad
969 4695 1091 4752 Catonem
1102 4707 1216 4754 noenum
1228 4698 1352 4754 mest

216 4781 303 4852 (pagg.
320 4781 524 4854 xlm-me).
556 4783 629 4838 Haeo
646 4792 687 4839 ert
703 4792 775 4840 curta
791 4783 923 4838 Arutueuii
941 4783 1065 4855 supellex,
1083 4785 1147 4840 haee
1163 4783 1285 4838 (lodicum
1303 4781 1350 4837 de·
1435 4809 1443 4829 ·

210 4867 322 4938 'scriptio
348 4867 388 4922 rel
414 4869 498 4940 potius
523 4870 737 4942 commemoratio.
773 4869 846 4923 ntro·
864 4868 990 4936 editores,
1017 4870 1061 4942 qui
1087 4869 1222 4925 (lodim‘bua
1249 4869 1352 4924 omniuo

217 4961 364 5019 uranum,
380 4955 423 5010 hio
439 4956 525 5022 mitto,
542 4964 572 5011 ut
587 4955 741 5022 Danuuium,
759 4955 892 5026 cygnos,
912 4957 989 5024 leot,
1009 4957 1037 5024 8,
1054 4955 1244 5026 sumbernun
1260 4953 1351 5025 Vpeel.

219 5041 295 5110 1681,
312 5039 725 5112 &centumcentumn
747 5042 823 5110 lter,
840 5042 866 5101 8·
887 5049 936 5100 ote.
