3094 5658
283 1005 317 1060 ss
362 995 363 998 '
674 999 764 1053 cano
782 1001 1032 1055 ruinosornvs.
1134 975 1139 986 '

301 1163 357 1254 47.
392 1157 472 1224 Cum
494 1157 627 1224 coniunx
649 1156 706 1224 tibi
727 1155 778 1239 sit,
799 1175 840 1223 ne
860 1175 912 1224 res
935 1162 967 1230 ct
989 1155 1073 1224 famo
1094 1159 1226 1244 laboret,
1319 1152 1322 1157 ’

361 1290 375 1360 y·
392 1261 564 1327 Vitandnm
586 1260 682 1328 ducas
705 1259 862 1362 inimicum
884 1279 997 1348 nomen
1019 1261 1121 1329 amici.
1256 1261 1258 1265 ’
1282 1261 1284 1264 ’

286 1432 329 1500 qni
347 1432 372 1483 irr
391 1431 535 1500 Specimirre
553 1432 644 1484 critico
661 1441 717 1501 cap.
735 1430 833 1485 XXVII
851 1433 885 1486 ita
901 1450 950 1485 nos
966 1432 1052 1502 legere
1076 1435 1158 1488 iubet:
1184 1435 1220 1486 Et
1236 1435 1299 1487 talea
1316 1434 1411 1487 obeunt

286 1527 342 1582 ete,
358 1518 407 1570 hac
424 1517 526 1584 quidem
544 1520 682 1572 sententia:
710 1526 817 1579 nonest
833 1519 996 1588 gaudendum
1019 1529 1109 1592 morte·
1123 1523 1255 1588 repentina
1277 1538 1409 1588 pravorum

285 1605 424 1667 bominum,
443 1604 512 1672 quod
529 1605 635 1668 ettalus,
654 1605 696 1673 qui
714 1613 781 1659 recte
799 1605 874 1658 vitam
891 1606 1034 1668 instituunt,
1053 1607 1166 1686 qnotidie
1182 1607 1246 1659 mori
1260 1608 1408 1662 rideamus'.

285 1691 338 1744 Alii
356 1691 419 1744 alias
437 1692 616 1760 excogitabant
632 1693 793 1755 coniecturas,
816 1693 984 1755 utzpFeliees
1012 1709 1070 1743 cum
1097 1694 1191 1745 obeant
1217 1703 1263 1749 cte.
1305 1691 1349 1744 Vel
1373 1692 1410 1744 ric
1502 1735 1511 1760 0

286 1773 395 1844 usurpare
413 1776 505 1828 adeunt
522 1777 636 1845 aliasque
654 1778 680 1830 id
696 1796 785 1847 genus,
813 1795 876 1846 quas
894 1778 983 1830 Catoni
1000 1779 1142 1848 obtrudere,
1166 1779 1248 1830 inritis
1267 1778 1410 1842 codicibus,

285 1864 360 1916 facile
378 1870 417 1916 est
433 1864 573 1931 nogotium.
585 1862 690 1916 crimine
706 1863 760 1915 oito
776 1867 854 1933 (man.
864 1865 888 1919 2.
896 1864 1048 1933 glossatoris
1067 1881 1186 1934 suprapo.
1199 1865 1245 1930 est)
1263 1864 1294 1920 Τ.
1307 1871 1346 1915 ast
1359 1881 1409 1916 om.

286 1951 358 2004 Laid.
377 1951 409 2014 11,
428 1950 485 2002 vm
503 1949 567 2017 Reg.
586 1949 654 2002 Cart
672 1951 732 2008 861.
778 1959 781 1964 '
1084 2030 1086 2032 ¹

354 2057 396 2110 47.
416 2053 479 2106 (lum
497 2053 610 2110 coniunx
626 2054 673 2106 riti
689 2054 721 2105 sit
737 2055 834 2108 RHTK
851 2055 914 2108 Ven.
933 2059 975 2113 91.
992 2056 1140 2116 1u1.‚,caxt‚
1154 2058 1195 2114 83.
1209 2057 1317 2110 coniunx
1335 2056 1410 2109 etiam

191 2199 196 2212 ,
284 2142 326 2194 Pr.
345 2139 421 2193 Boill.
439 2138 512 2193 Orno.
531 2141 595 2194 conf.
613 2142 634 2204 l,
652 2142 689 2197 8.
710 2141 773 2193 (lum
790 2142 883 2196 coniux
901 2143 947 2195 tibi
965 2143 999 2196 sit
1016 2143 1164 2196 EZxBDV
1183 2143 1271 2212 camp.
1289 2143 1410 2195 Leiddl.

284 2228 314 2280 11.
334 2228 379 2280 111.
392 2228 477 2282 uarie.
497 2227 553 2280 rell.
570 2244 626 2278 cum
644 2227 689 2278 tibi
705 2229 739 2278 sit
756 2227 850 2280 conium
867 2227 1166 2283 steortt'osavuerr.
1182 2229 1312 2304 itemst
1326 2228 1411 2284 chart

285 2323 312 2367 at
330 2315 397 2382 Aug.
416 2314 492 2368 Vind.
510 2314 590 2366 Eucb.
610 2314 692 2374 Treta,
709 2313 792 2367 Pulm.
811 2315 915 2371 choum
933 2317 1001 2369 Flor.
1019 2314 1095 2368 Boill.
1112 2316 1211 2368 Erasm.
1223 2315 1319 2383 Grypb.
1336 2314 1411 2367 Cord.
1506 2321 1510 2326 '

286 2409 311 2453 et
329 2400 413 2456 cruc!
429 2393 432 2399 ⁸
448 2401 484 2453 Hi
501 2401 559 2454 lrbri
577 2419 663 2454 omnes
679 2401 774 2455 babent
790 2419 837 2454 neo
849 2421 889 2455 res
901 2409 925 2472 et
936 2404 1003 2456 sama
1014 2401 1111 2454 laboret
1124 2401 1219 2468 (Turia
1231 2417 1302 2486 nepe
1316 2399 1411 2469 expo).

285 2520 332 2556 nec
350 2522 390 2556 res
408 2503 502 2556 BDKV
519 2502 578 2556 Bas.
596 2503 676 2573 Neap.
686 2504 775 2557 -Venn
793 2506 835 2561 91.
853 2507 894 2561 9³.
913 2521 960 2558 nec
977 2523 1018 2558 res
1036 2513 1060 2557 et
1078 2504 1147 2558 sama
1163 2505 1262 2558 laborat
1279 2504 1349 2557 cam
1369 2503 1412 2559 83·

285 2607 331 2644 nco
348 2609 388 2644 res
406 2607 454 2642 nee
470 2591 488 2644 ι’.
504 2589 605 2643 laborat
618 2590 660 2644 Pr.
678 2607 724 2643 nec
741 2609 781 2644 res
798 2590 843 2643 sed
859 2591 877 2644 t
894 2591 996 2644 laborat
1013 2592 1069 2643 Itnl.
1087 2607 1135 2644 nec
1152 2607 1219 2658 opus
1236 2599 1260 2642 et
1277 2592 1295 2642 t.
1314 2589 1412 2642 laboret

264 2702 266 2706 ¹
285 2680 352 2732 Mox.
373 2678 479 2732 Membr.
497 2676 572 2730 Voss.
591 2677 656 2730 coni.
673 2678 695 2740 l,
714 2679 756 2734 28.
773 2693 807 2729 ne
824 2695 864 2730 rea
881 2685 905 2730 et
924 2678 941 2729 ἰ.
959 2677 978 2728 l.
996 2677 1062 2729 EZS
1080 2679 1172 2745 (nelllll
1187 2676 1285 2744 rasura)
1308 2683 1335 2728 et
1354 2675 1430 2730 rell·

286 2765 349 2818 (lum
367 2765 413 2817 tibi
431 2765 464 2818 sit
481 2765 585 2828 malua,
603 2781 635 2817 ne
652 2782 694 2818 res
712 2773 735 2817 et
752 2765 820 2816 sams
837 2765 936 2817 loborat
948 2763 1024 2816 etiam
1035 2766 1129 2818 Daum.
1142 2764 1247 2818 Scriver.
1259 2773 1284 2816 et
1295 2765 1412 2816 Arntasn.

200 2913 203 2918 Ι
285 2860 439 2920 receperunt.
475 2851 616 2905 Audiamus
635 2852 667 2906 de
683 2853 732 2906 bac
748 2852 855 2904 lectione
873 2851 1023 2904 Witbolium
1041 2869 1067 2919 p.
1086 2852 1154 2908 5732
1172 2851 1291 2904 Absurde
1308 2857 1411 2903 sanma-

243 2929 250 2935 ’
286 2938 363 2991 ticin
381 2941 556 3008 priorerersu
575 2947 622 2995 est.
658 2938 745 3003 Quid?
764 2957 806 3002 an,
824 2939 867 3007 qui
884 2937 990 2990 maritus
1008 2945 1055 3002 est,
1073 2929 1132 2990 eam
1150 2937 1231 2991 solam
1254 2938 1289 2990 ob
1309 2922 1458 3001 causam*

216 3045 222 3052 ·
287 3043 373 3078 omnes
391 3018 499 3079 aliorum
517 3026 638 3096 amicitias
656 3026 734 3078 ritare
752 3025 846 3079 debet?
870 3043 903 3077 an
920 3024 964 3093 qni
983 3041 1088 3076 uxorem
1106 3020 1177 3076 ducit
1194 3023 1249 3076 eiua
1272 3040 1314 3075 rea
1337 3021 1430 3074 fami-.
1519 3030 1522 3033 “

286 3111 355 3164 liaris
377 3112 434 3164 ideo
458 3111 542 3164 statim
565 3111 700 3175 laborabit,
729 3111 751 3164 si
777 3111 888 3179 aliquem
913 3111 1007 3163 babeat
1029 3110 1158 3162 amicum?
1192 3109 1335 3162 Miserrima
1352 3125 1414 3161 sane

283 3198 400 3250 'condicio
426 3198 489 3250 haec
514 3198 586 3250 foret.
627 3197 732 3261 Miror,¹
746 3215 871 3250 summum
896 3196 1052 3266 scaligerum
1074 3196 1141 3248 banc
1161 3195 1296 3248 lectionem
1319 3212 1351 3248 cx
1367 3193 1413 3246 Pi-

287 3284 394 3336 tboeaua
411 3283 528 3335 Editione
546 3283 681 3352 recepisse,
698 3301 763 3351 quae
781 3292 866 3335 tamen
883 3300 958 3335 sanas
976 3283 1197 3350 interpretationes
1220 3300 1272 3335 non
1296 3280 1414 3334 admittit.

286 3369 316 3422 ln
333 3369 411 3422 reteri
429 3369 530 3433 (lodice,
549 3370 614 3422 sicut
630 3369 753 3422 Daumius
774 3377 889 3430 testatur,
912 3378 966 3422 erat
988 3386 1036 3422 nec
1058 3385 1100 3421 rea
1123 3377 1147 3421 et
1164 3369 1253 3434 sanes.
1294 3368 1367 3420 Idem
1387 3366 1415 3419 ia

181 3448 187 3456 ’
290 3458 394 3526 antiqua
409 3455 708 3523 Antrerpiensiinrenio.
744 3455 780 3507 Et
796 3473 857 3508 sane
875 3453 907 3506 τὸ
924 3471 972 3507 nec
987 3457 1129 3526 genuinum
1147 3463 1199 3520 est,
1226 3464 1254 3508 et
1275 3455 1341 3506 nibil
1364 3453 1415 3505 nisi

287 3539 394 3594 loricula
410 3542 492 3596 adbuc
512 3541 606 3595 menda
622 3549 710 3594 restat.
745 3541 849 3611 Corrige
866 3541 921 3594 sine
938 3541 991 3594 ullo
1010 3541 1144 3610 scrupulo:

493 3665 577 3730 Quum
592 3664 638 3717 tibi
655 3665 689 3716 sit
705 3665 804 3730 eoniux,
821 3680 869 3717 aee
885 3680 939 3727 νας
956 3682 989 3718 ne
1005 3663 1076 3717 lama
1091 3665 1205 3728 laboret,

492 3751 630 3804 Vitandnm
648 3752 725 3805 ducas
742 3752 873 3806 inimicum
889 3770 980 3806 nomen
998 3751 1084 3808 amici.

291 3872 374 3935 Quum
392 3870 482 3940 inquit,
500 3871 546 3924 tibi
564 3876 626 3924 uxor
642 3873 684 3937 ait,
702 3872 746 3924 sed
764 3889 804 3924 res
822 3871 955 3925 familiaris
972 3879 1089 3942 angusta,
1111 3871 1238 3925 vitandum
1260 3869 1308 3924 erit
1321 3886 1414 3922 nomes

291 3958 373 4020 amici,
384 3957 452 4030 quod
469 3956 553 4010 lamae
570 3960 672 4010 noxium
684 3959 790 4011 videtur.
815 3958 879 4010 (lum
891 3959 960 4010 enim
973 3958 1048 4028 inops
1065 3957 1158 4010 existas
1177 3966 1203 4010 et
1220 3974 1324 4027 pauper,
1334 3955 1418 4024 qualis

291 4044 386 4113 ubique
399 4045 487 4112 jacere
505 4046 581 4108 solet,
609 4063 695 4098 omnes
713 4045 890 4098 existimabunt
904 4046 992 4114 'appeti
1008 4046 1073 4098 bauo
1090 4044 1284 4098 familiaritatem
1310 4060 1361 4095 non
1379 4045 1420 4096 tui

291 4128 381 4198 ipsius,
399 4129 445 4181 sed
470 4133 586 4199 coniugis
608 4132 700 4184 causa’.
735 4131 861 4202 Scaliger:
888 4131 931 4183 ‘Et
952 4131 994 4184 hio
1017 4148 1117 4200 quoqne
1141 4130 1248 4183 duarum
1271 4129 1416 4182 vocularum

204 4205 210 4216 ’
292 4232 337 4267 nee
355 4225 382 4269 et
398 4232 431 4268 ne
447 4217 523 4270 lectio
542 4219 667 4270 diversam
684 4207 832 4271 sententiam
849 4218 875 4271 in
893 4218 1044 4270 editionibus
1057 4217 1163 4286 peperit.
1190 4216 1331 4269 Pitbosans
1341 4215 1420 4269 babet

232 4365 234 4368 Ι
292 4318 325 4354 ne
341 4319 417 4372 quam
435 4303 571 4370 sequimur.
599 4302 627 4365 Si
644 4304 690 4356 tibi
708 4305 742 4356 sit
757 4321 807 4366 res,
825 4311 851 4356 et
867 4321 937 4368 uxor,
949 4301 1088 4355 carendum
1103 4319 1137 4355 ne
1155 4301 1211 4370 quis
1223 4301 1325 4354 nomine
1343 4309 1417 4354 tenus

293 4388 390 4440 amicus
409 4387 513 4440 nimium
531 4389 670 4453 familiaris,
694 4409 751 4442 cunr
768 4409 844 4444 uxore
862 4399 906 4443 tna
923 4389 1129 4443 consuetudinem
1146 4406 1203 4450 uon¹
1221 4389 1354 4441 honestam
1370 4388 1418 4441 ha·

251 4531 259 4538 „
295 4474 362 4536 beat,
381 4472 448 4525 unde
465 4481 509 4544 tua
526 4474 593 4526 sarna
611 4473 721 4530 laboret:
740 4486 766 4528 et
782 4484 912 4546 praeterea
928 4476 1020 4528 mulier
1037 4475 1063 4526 in
1076 4474 1210 4528 moechum
1222 4474 1290 4527 bona
1302 4483 1346 4527 tna
1356 4492 1418 4528 son-

294 4569 372 4628 gerat,
390 4558 458 4611 unde
476 4577 516 4611 res
534 4559 664 4613 iamlliaris
682 4568 727 4614 tna
743 4561 850 4614 laboret.
884 4561 923 4614 Ita
939 4576 1031 4613 nomen
1048 4558 1126 4610 amici
1141 4559 1189 4612 erit
1206 4559 1280 4612 amici
1297 4560 1370 4630 ipse„
1391 4569 1421 4613 ut
1448 4558 1452 4564 '

295 4660 384 4697 norrea
401 4642 477 4711 apelli
494 4643 553 4700 Val.
572 4644 660 4697 Catoni
679 4645 782 4713 apellas.
816 4645 920 4699 Amicus
939 4646 1055 4699 inimicus
1080 4642 1160 4714 φίλος
1184 4639 1291 4714 ἄφιλος.
1325 4645 1355 4698 Si
1377 4662 1419 4698 re·

296 4730 360 4784 tinea
377 4746 439 4794 nec,
466 4731 530 4785 baec
547 4732 594 4785 erit
611 4734 749 4787 sententia:
776 4734 799 4786 ai
822 4734 882 4787 salix
900 4751 928 4788 es
944 4742 971 4788 et
987 4751 1004 4785 a
1020 4734 1142 4803 coniugio
1164 4741 1191 4787 et
1207 4751 1223 4787 a
1240 4751 1269 4788 re
1292 4731 1419 4797 familiari,

297 4816 356 4885 iuge
368 4833 425 4870 esse
443 4817 517 4870 fietus
534 4820 639 4882 amiens,
657 4829 687 4874 nt
703 4821 779 4874 verbo
798 4830 881 4884 tenos,
899 4839 952 4874 non
969 4821 1045 4875 etiarn
1061 4838 1090 4875 re
1107 4820 1194 4874 amieis
1212 4821 1335 4891 prodesse
1345 4819 1419 4882 ralis,

299 4920 376 4970 quum
397 4903 502 4972 integris
519 4905 595 4957 rebus
614 4905 663 4984 tais
681 4923 731 4959 non
750 4907 832 4975 possis
850 4905 902 4959 ullis
920 4924 995 4977 opem
1012 4907 1038 4959 ia
1056 4925 1084 4961 re
1102 4923 1206 4976 crepera
1218 4923 1317 4960 narare.
1350 4905 1422 4960 'luae

298 4987 335 5040 ita
350 4988 479 5044 venerim:
847 5015 849 5018 ·
