3130 5662
199 1079 203 1084 ·
247 1084 290 1126 xx
357 1071 359 1074 ·
538 1029 541 1038 Δ
716 1048 956 1140 ιἰιιιιιιιιιιόἸ
1028 1141 1032 1146 ¹

247 1219 313 1281 stet
335 1233 373 1280 ex
395 1213 528 1296 triginta
555 1233 668 1282 novem
695 1215 779 1282 foliis
807 1213 989 1301 quaternis,
1018 1219 1117 1298 atque
1143 1215 1229 1283 idern
1251 1213 1318 1282 iere
1340 1218 1392 1281 est
1502 1246 1507 1252 ·

249 1336 320 1384 curn
344 1316 484 1384 editione
507 1317 727 1401 praecedente,
750 1311 820 1386 curn
842 1336 905 1401 qua
925 1337 989 1384 nou
1012 1319 1115 1409 solum
1139 1319 1171 1384 in
1188 1322 1278 1386 textu
1292 1317 1391 1400 pluri·

248 1421 308 1486 mis
330 1421 407 1487 locis
430 1421 590 1486 consentit
611 1420 667 1487 sed
699 1422 796 1502 etiarn
822 1421 854 1487 in
883 1420 1012 1487 scholiis
1033 1425 1067 1487 et
1087 1421 1208 1505 ¹glossis
1230 1425 1287 1487 aut
1307 1417 1392 1486 iufra

228 1541 360 1596 ,versus
382 1528 439 1590 aut
463 1541 561 1607 supra
583 1524 725 1608 singulas
746 1544 837 1593 voees
859 1524 981 1610 positis.
1018 1523 1179 1591 Differuut
1199 1529 1307 1592 annm
1329 1524 1391 1590 hae

247 1625 331 1694 duae
353 1627 509 1694 editiones
531 1646 596 1694 uon
617 1626 721 1694 solum
743 1625 874 1710 singulis
896 1625 976 1692 locis
992 1625 1210 1708 distichorum,
1234 1630 1391 1707 utsupra

247 1728 312 1795 iam
334 1731 533 1814 notavimus
547 1730 604 1798 sed
620 1730 718 1797 etiam
740 1729 774 1796 in
795 1728 928 1811 epistola
942 1729 1128 1812 praemissa,
1151 1727 1206 1795 ubi
1223 1728 1272 1794 ed.
1288 1727 1389 1810 Neap.

245 1831 344 1899 habet
364 1831 539 1898 Prestauti
550 1839 584 1900 et
596 1851 750 1917 generose
772 1832 886 1900 indolis
908 1836 968 1900 etc.
1007 1830 1171 1915 Colophon
1194 1831 1228 1896 in
1251 1830 1391 1898 editione

246 1939 384 2018 utraque
414 1936 460 2005 sic
488 1937 662 2027 sehabet:
679 1933 753 2003 ‘Hic
779 1935 871 2002 finem
901 1935 1008 2018 aspice
1035 1933 1169 2001 Catonis
1198 1933 1260 2000 viri
1288 1950 1392 2000 mora·

245 2037 358 2104 lissimi
380 2043 414 2106 et
436 2039 469 2106 in
492 2039 544 2106 via
565 2058 689 2106 morum
704 2039 881 2123 gravissimi
902 2057 975 2104 curn
995 2041 1180 2105 commento
1202 2035 1314 2104 fratris
1329 2037 1391 2104 Ro·

246 2140 331 2208 berti
353 2140 393 2209 de
415 2141 608 2209 Euromodio
624 2141 777 2209 'monachi
793 2140 986 2208 clarevallis.
997 2146 1063 2207 tam
1078 2141 1252 2208 verborum
1273 2145 1392 2207 ornatu

245 2241 355 2311 limato
379 2263 475 2329 quarn
498 2246 728 2312 sententiarum
748 2245 905 2330 gravitate
926 2244 1075 2328 preclaro
1095 2249 1185 2311 uter
1201 2243 1287 2310 Iovis
1303 2261 1390 2310 oere-

246 2346 305 2414 bro
328 2346 474 2415 videatur
496 2355 678 2416 emanatum
701 2343 898 2432 Impressum‘
925 2351 953 2413 1.
970 2347 1117 2416 Basileee
1136 2347 1392 2431 decimaquarta
1550 2361 1551 2436 3

228 2443 300 2518 'die
328 2451 420 2517 Iunii.
464 2453 556 2519 Anno
587 2453 707 2542 domini
736 2450 1072 2520 Mooccnxxxvr.
1118 2457 1148 2518 2.
1175 2450 1308 2534 Neapoli
1330 2469 1389 2535 per
1509 2449 1512 2453 ’

248 2553 402 2621 Mathiam
418 2555 587 2624 Moravum
615 2555 668 2624 die
689 2557 776 2623 XVI.
797 2555 871 2621 Iulii
885 2558 978 2635 Anno
992 2555 1220 2624 incarnationis
1236 2553 1392 2622 dominice
1466 2619 1470 2632 ,
1550 2551 1551 2558 ’

248 2656 624 2727 ncccennxxvln.
674 2661 713 2727 ln
735 2660 784 2727 ed.
808 2659 903 2726 Basil.
932 2665 1061 2745 praeter
1091 2659 1172 2726 haec
1198 2655 1393 2744 suprapositi

250 2766 377 2828 exstant
397 2762 431 2828 bi
452 2767 578 2830 tantm
600 2763 664 2831 duo
689 2781 837 2844 versus:¹

425 2865 544 2935 Nullus
565 2868 690 2934 mireris
714 2887 841 2936 carmen
864 2868 986 2934 nudum
1005 2865 1145 2935 haberis.

356 3009 359 3019 ·
426 2969 518 3037 Mens
541 2971 731 3054 paupertina
753 2971 914 3040 comuuxit
935 2971 1081 3058 carmina¹
1100 2971 1184 3039 bina
1456 3059 1458 3064 Ι

128 3114 169 3147 on.
217 3133 224 3147 ,
336 3073 497 3142 additio
538 3072 655 3138 Veneta
688 3098 720 3142 o.
753 3075 851 3141 adol
884 3074 938 3142 fol.
984 3075 1035 3142 hd
1057 3074 1186 3156 calcem,
1208 3071 1262 3140 fol.
1287 3078 1339 3140 90.
1362 3092 1410 3142 a.

228 3173 381 3258 *legiturz
415 3177 611 3261 impressum
644 3178 795 3247 Venetiis.
831 3198 923 3247 anno.
959 3178 1302 3246 Mccccnxxxxr.
1341 3176 1393 3244 die
1523 3199 1551 3270 *j

247 3280 399 3363 vigesimo
421 3281 528 3348 tertio.
574 3283 695 3350 Marcii.
720 3283 982 3368 Inscriptionibus
995 3276 1084 3350 'curn
1110 3288 1198 3350 totus
1220 3281 1394 3349 libertum

248 3384 364 3467 singuli
390 3383 464 3451 libri
493 3389 617 3466 carent,
647 3385 768 3454 habent
794 3374 901 3454 autern
930 3406 1061 3472 magnas
1094 3387 1220 3454 litteras
1252 3384 1393 3453 initiales

248 3488 477 3572 typographica
499 3493 570 3554 arte
592 3481 732 3556 ornatas.
773 3491 896 3559 blendis
920 3499 1026 3559 tamen
1049 3490 1254 3576 typotheticis
1277 3493 1416 3557 scatet..

249 3591 524 3676 Transpositiones
539 3592 710 3660 verborum
732 3600 808 3678 sunt
830 3589 1023 3680 frequentes,
1045 3598 1143 3676 atque
1158 3593 1302 3660 nonnulli
1323 3611 1394 3659 ver·

199 3709 206 3720 ·
250 3712 306 3761 sus
327 3699 383 3761 aut
404 3693 534 3778 syllabis
556 3695 683 3762 omissis
705 3697 913 3765 autvocibns
934 3696 1073 3781 receptis
1095 3697 1143 3762 ita
1162 3695 1327 3773 laborant,
1356 3698 1395 3760 ut
1486 3775 1490 3786 Ι

250 3794 337 3880 leges
358 3795 511 3863 metricae
532 3796 712 3863 laedantur.
750 3798 853 3864 Multa
867 3805 944 3864 sunt
964 3798 1098 3867 liberius
1121 3805 1274 3881 correcta,
1296 3815 1394 3881 saepe

150 3987 154 3994 ι
252 3905 360 3966 minen
381 3897 460 3967 iacit
481 3917 554 3966 curn
577 3900 740 3968 veteribus
762 3901 932 3969 codicibus
976 3902 1066 3969 Idem
1091 3901 1178 3980 valet
1199 3901 1241 3970 de
1280 3985 1282 3992 y
1457 3901 1461 3909 '

109 4030 176 4076 voe
192 4028 230 4076 ss.
339 4002 542 4070 &diditione
579 3997 709 4096 Veneta..
728 4027 759 4068 o.
790 4006 874 4086 1493
902 4007 983 4091 inpr.
1011 4024 1032 4072 a
1060 4005 1112 4072 do.
1143 4003 1328 4084 deceroto
1356 4005 1398 4074 de

254 4107 394 4175 Tridino.
439 4107 555 4174 Restat
660 4141 663 4146 v
1245 4139 1249 4144 ·

173 4247 234 4293 ιω,
343 4215 373 4277 9.
393 4206 503 4278 ‘Liber
525 4209 678 4278 (lathonis
705 4212 739 4278 in
766 4210 913 4297 vulgares
934 4211 1054 4297 rigmos
1077 4211 1149 4298 (sic)
1179 4211 1397 4281 uanslatusa

259 4315 322 4382 diro
344 4307 528 4382 Catellucio‘
543 4314 584 4380 de
606 4313 781 4400 Campania
801 4311 916 4398 milite’,
938 4315 995 4382 lat
1012 4320 1045 4381 et
1060 4315 1128 4381 ital.
1143 4313 1176 4382 in
1191 4321 1212 4382 4
1227 4316 1295 4383 sine
1309 4316 1396 4385 dato.

257 4415 341 4485 Bibl.
365 4415 514 4500 Spencer.
538 4417 602 4485 VII
623 4434 655 4500 p.
682 4421 819 4484 32-33.
863 4416 991 4484 Dibdin.
1013 4415 1129 4484 reiert:
1159 4417 1227 4485 The
1249 4417 1342 4484 Dulce
1364 4420 1397 4487 di
1417 4503 1419 4508 Ι

257 4519 401 4590 cassano
424 4523 587 4590 considers
609 4523 673 4590 this
694 4523 819 4591 version
848 4522 967 4608 utterly
990 4522 1149 4590 unknown
1170 4526 1204 4590 to
1226 4522 1397 4608 bibliogra-
1533 4537 1536 4542 ·

254 4624 352 4708 phere
375 4627 438 4693 and
460 4644 615 4712 supposes
638 4625 693 4694 the
714 4627 835 4712 printer
856 4645 930 4712 may
951 4624 1033 4694 baie
1055 4626 1136 4694 been
1159 4624 1340 4704 Schureper
1357 4625 1398 4694 de

255 4727 433 4814 Bopardia.
470 4731 591 4800 Verum
614 4736 672 4814 est,
696 4729 823 4798 eosdem
845 4747 916 4798 esse
938 4736 1041 4814 typos,
1064 4732 1180 4818 quibus
1195 4718 1316 4798 Rornae
1329 4730 1398 4797 Ma·
1435 4813 1438 4820 ,

254 4834 357 4917 gister
379 4834 430 4902 Jo.
455 4834 636 4904 Schnrener
658 4835 699 4903 de
720 4835 878 4921 Bopardia
899 4854 983 4901 anno
1005 4841 1088 4904 1475
1110 4836 1228 4904 librum
1247 4833 1397 4926 ‚epistola

254 4956 326 5004 rurn
348 4935 549 5007 familiarium
571 4940 661 5008 Enee
683 4937 773 5007 Silvii
787 4939 1009 5007 Piccolominei
1024 4939 1192 5024 inpressit;
1215 4935 1396 5022 exemplum

256 5046 359 5112 brnen
383 5031 514 5111 Catonis
536 5042 572 5112 in
593 5041 674 5110 Bibl.
705 5041 855 5126 Spencer.
883 5041 1030 5112 chartam
1050 5041 1235 5128 spissiorem
1258 5045 1292 5111 et
1313 5039 1399 5110 colo·
