3094 5658
215 1047 217 1052 ’
295 1060 329 1116 ιο
684 1059 778 1112 enno
797 1058 1048 1114 nninosoenvs

317 1217 366 1279 36.
400 1214 459 1280 Est
479 1214 601 1281 iactura
623 1216 740 1298 giuvis,
766 1235 848 1300 quae
870 1179 1269 1298 sunt,nmitte1·edamnis:

401 1315 481 1382 Sunt
502 1318 666 1402 quaedam,
689 1339 772 1402 quoe
795 1318 878 1386 ferre
901 1319 991 1386 decet
1006 1320 1169 1406 patienter
1191 1320 1334 1386 amicum.

297 1523 401 1576 Constat
423 1541 524 1576 carmen
547 1542 602 1577 esse
628 1526 802 1594 deprnrntnm.
837 1525 953 1578 Arbitror
976 1527 1127 1594 legendum:
1152 1528 1206 1579 ooli
1228 1543 1337 1580 moerere
1358 1543 1420 1594 que·

295 1612 372 1661 tendo
394 1610 520 1662 Erasmus.
565 1609 669 1663 Habere
688 1612 841 1664 Arntzenius
866 1613 957 1680 accipit
974 1611 1071 1665 soluere
1096 1631 1141 1665 seu
1164 1612 1262 1664 salcime
1285 1622 1308 1664 et
1327 1612 1420 1664 incolu-

295 1711 350 1746 men
366 1711 422 1748 esec.
458 1689 561 1748 Witboi.
577 1714 602 1765 p.
622 1698 675 1754 570
694 1684 840 1766 proposuit:

494 1782 593 1852 Ereptis
610 1787 703 1852 opibus
721 1802 773 1836 non
791 1794 820 1836 tu
837 1793 861 1837 tc
879 1784 965 1853 afflipe
983 1784 1126 1851 coercuerim

494 1869 545 1921 Sed
561 1870 644 1937 gaude
662 1872 756 1939 potius,
774 1872 820 1924 tibi
838 1889 914 1938 quum
934 1871 1056 1938 contiuyit
1074 1872 1174 1924 habere.

363 1955 404 2011 36.
421 1954 509 2007 llaiori
527 1955 628 2009 licentia
645 1957 713 2008 idem
732 1957 871 2009 Witholius
890 1956 983 2008 ibidem
1000 1955 1063 2008 us'us
1082 1965 1121 2009 est
1139 1957 1279 2026 corrigens5

494 2043 541 2094 Est
558 2042 651 2095 lecture
667 2044 760 2112 gravis,
779 2043 897 2109 quaesita
914 2045 1028 2097 emittere
1040 2037 1180 2109 quamuis‚'
1332 2036 1336 2040 ’

287 2134 288 2137 ’
363 2126 427 2179 Sunt
444 2128 564 2196 quaedum
583 2146 647 2196 ques
664 2127 731 2179 ferre
756 2129 828 2179 docet
850 2129 982 2197 patienter,
1006 2145 1106 2178 erroro.
1149 2115 1247 2180 ‘Tanto'
1260 2133 1343 2192 eutem
1366 2145 1421 2196 gre·

207 2247 210 2268 .
299 2213 350 2265 nior
367 2214 469 2276 iactura,
487 2225 580 2283 querito
598 2215 688 2282 magis,
707 2232 773 2283 quae
790 2215 940 2266 emittuntur
950 2252 958 2278 ,
977 2216 1079 2284 proprio
1096 2215 1219 2268 industris
1236 2215 1350 2283 quaesite
1365 2215 1421 2268 suo·

296 2298 367 2350 runt’.
403 2299 453 2352 Sed
471 2301 501 2353 de
520 2299 640 2366 quaeritis
657 2299 749 2366 opibus
766 2317 905 2369 eurumque
929 2319 977 2352 usu
995 2319 1045 2354 non
1065 2319 1147 2353 sermo
1165 2311 1205 2354 est
1229 2311 1256 2354 ut
1279 2304 1300 2365 I,
1323 2305 1365 2360 24.
1388 2303 1422 2365 II,

299 2387 337 2440 17.
354 2386 398 2445 III.
416 2387 456 2440 21.
477 2387 521 2450 IV,
542 2389 572 2443 tt
590 2395 615 2439 et
632 2385 697 2438 Hor,
716 2385 744 2438 S.
762 2387 784 2449 l,
806 2390 829 2448 1,
847 2387 882 2442 38
900 2393 925 2439 et
942 2387 979 2450 11,
998 2389 1022 2450 6,
1041 2388 1084 2442 92.
1102 2387 1189 2438 amice.
1213 2386 1282 2455 qnod
1306 2397 1363 2443 vett.
1379 2405 1422 2440 eo·

299 2469 365 2524 dicer
382 2475 431 2524 mei
449 2474 497 2525 ΒΥ
514 2481 615 2526 tuentur
639 2481 666 2525 et
690 2473 766 2526 ‘coll
784 2473 859 2525 Voss.
877 2473 935 2525 Vct.
961 2474 1025 2541 Reg.
1044 2473 1116 2527 Leid.
1135 2474 1167 2526 II.
1191 2468 1336 2543 puucscque
1358 2475 1422 2528 Edd.
1534 2467 1537 2478 ’

299 2556 343 2608 sed
360 2559 450 2626 peioris
469 2560 559 2623 uotee’,
577 2569 651 2629 etque
670 2568 729 2629 post
746 2558 879 2612 Boethium
897 2559 961 2612 nov.
980 2558 1118 2622 CXLVIII,
1138 2563 1171 2616 10
1187 2559 1310 2614 Daumius
1327 2564 1421 2631 recepit

297 2658 378 2710 neque
395 2645 520 2697 rocntirus
538 2663 595 2698 esse
613 2655 706 2715 potest,
730 2663 806 2713 quem
824 2645 865 2696 illi
884 2644 1018 2712 accipiunt,
1030 2661 1113 2712 neque
1131 2663 1187 2697 cum
1196 2645 1274 2710 serre
1292 2648 1407 2717 coniungi
1413 2667 1422 2711 ς

299 2745 355 2780 nem
374 2729 451 2783 amice
472 2731 488 2786 i.
512 2731 585 2785 focile
607 2741 634 2785 et
655 2749 738 2799 eoquo
761 2731 846 2783 auimo
869 2729 934 2782 serre
951 2748 973 2784 s.
992 2731 1045 2798 peti
1067 2730 1154 2784 Latine
1177 2750 1225 2784 uon
1244 2733 1343 2786 dicitur.
1361 2733 1424 2786 cons.

298 2811 378 2870 Bentl.
397 2814 429 2867 sd
447 2816 746 2881 Hor.o.111,2‚1.nine
764 2816 921 2884 inprobanda
939 2815 1040 2868 llalsoii
1057 2816 1198 2869 coniectura
1214 2818 1321 2886 potieris
1338 2820 1423 2871 amice.
1448 2807 1451 2813 ¹

298 2900 411 2955 Genuins
433 2902 506 2956 lectio
529 2913 568 2956 cst
589 2905 699 2956 amicum
723 2902 934 2956 suuflzssttttv
952 2901 1020 2953 Mox.
1038 2901 1102 2955 Vox.
1138 2903 1236 2956 ‘Leidd
1261 2905 1281 2956 1.
1304 2905 1349 2959 Ill.
1367 2905 1423 2958 Vei.

297 2987 373 3040 chart
403 2989 508 3046 Membr.
532 2991 606 3043 Voss.
629 2998 668 3053 et,
696 2999 724 3044 ut
753 2989 861 3051 ridetur,
889 2987 966 3040 Turio
1016 2985 1071 3040 Nec
1094 3006 1144 3041 non
1168 2988 1246 3044 Editt.
1271 2990 1423 3058 antiquiores

298 3076 400 3128 omnes’.
441 3076 484 3130 Pr.
509 3077 586 3143 (serre
604 3076 738 3144 patienter
760 3075 831 3128 dccet
854 3074 973 3140 amicum)
996 3075 1104 3127 blembr.
1126 3075 1182 3132 Ital.
1205 3075 1287 3128 Goxtt.
1306 3078 1365 3134 861.
1381 3077 1423 3134 Sd·
1449 3069 1451 3072 ¹

297 3161 376 3216 Venn.
400 3164 441 3218 91.
459 3163 501 3218 93.
521 3163 595 3220 1658.
630 3164 752 3217 Amtzen.
789 3161 902 3213 Sensus:
930 3162 960 3212 ln
985 3159 1056 3229 gnari
1079 3161 1201 3213 bonorum
1225 3161 1334 3225 iectura,
1361 3180 1424 3231 queo

297 3248 361 3298 secte
377 3256 416 3300 est
432 3247 586 3301 detrimentis
603 3249 657 3301 sire
675 3247 875 3311 calamitatibus,
899 3245 1008 3297 amicum
1036 3246 1109 3298 decet
1127 3247 1251 3314 quaedam
1274 3248 1347 3302 ferre.
1383 3249 1424 3302 si·

301 3333 393 3386 militer
411 3325 535 3387 sturmius
552 3335 667 3403 exponit:
687 3334 779 3386 ‘Amici
797 3349 874 3384 essse
892 3331 989 3400 sliquid
1007 3331 1138 3384 serendum
1157 3333 1318 3387 detrimenti!
1347 3333 1434 3400 Aliter

298 3419 454 3484 Arntzenins‚
473 3415 516 3489 oui
533 3419 634 3471 daronis
651 3421 744 3490 accipit
761 3422 875 3489 positum
902 3436 948 3487 pro
971 3417 1058 3468 nimiis
1076 3419 1272 3488 profusioribus
1294 3437 1325 3472 oc
1349 3421 1425 3490 laepi-

298 3507 412 3568 tionibus.
429 3509 569 3577 explicam:
596 3509 696 3576 {Gravis
715 3525 745 3559 ec
762 3507 851 3559 merito
870 3505 979 3558 dolendo
997 3503 1146 3558 Patrimonii
1167 3507 1341 3577 bonorumque
1363 3515 1420 3561 tuo·

298 3613 351 3646 rum
369 3595 461 3647 iactum
477 3601 525 3656 eet,
544 3613 619 3662 quem
638 3596 734 3664 poteris
754 3593 834 3645 stulte
848 3591 1002 3668 profusione
1018 3609 1048 3644 eo
1071 3590 1203 3660 largitione
1220 3593 1306 3647 nimio.
1341 3593 1425 3646 Hebes

298 3698 392 3744 serere,
410 3680 476 3748 quod
495 3680 582 3733 dolens
600 3681 697 3748 tibique
722 3680 832 3748 inputos.
869 3679 904 3730 At
928 3695 1000 3730 versu
1027 3675 1121 3740 altero,
1145 3679 1280 3732 amicorum
1305 3682 1425 3733 rationem

297 3767 399 3831 liabens,
417 3784 466 3818 non
484 3769 539 3820 sine
556 3767 649 3819 iudicio
668 3767 786 3834 subjicit:
805 3765 873 3818 Sunt
892 3762 1028 3830 quaedam,
1047 3779 1113 3830 quos
1124 3763 1285 3830 serrcdccet
1299 3766 1426 3834 patienter

298 3851 412 3914 ornicum,
430 3853 446 3903 i.
460 3852 588 3921 ¹quaedem
606 3862 667 3905 sunt
683 3839 875 3921 possessionum
892 3861 992 3905 tuarum
1012 3869 1042 3904 nc
1061 3851 1251 3905 commodorum
1268 3851 1379 3904 iacturae
1395 3867 1425 3903 eo

231 4007 233 4010 Ι
301 3938 390 3990 domus
406 3934 539 3990 amicorum
558 3947 601 3992 unt
618 3940 818 4009 propinquorum
837 3957 916 3992 causo
927 3938 1051 4003 socienda,
1065 3957 1130 4006 quoe
1143 3945 1168 3990 te
1179 3938 1289 3990 amioum
1303 3940 1426 4007 patienter
1449 3994 1456 4002 ,

298 4021 361 4076 l'crre
379 4025 466 4077 decet'.
502 4025 554 4078 Sed
572 4023 668 4076 dasena
687 4026 803 4079 obsolute
821 4025 888 4078 dicte
905 4024 1021 4092 intellige
1038 4022 1134 4074 domna
1151 4031 1197 4074 out
1208 4022 1360 4075 detrimento
1372 4022 1426 4079 cic.

299 4110 359 4180 Iacg.
376 4113 398 4175 Ι,
419 4114 457 4173 16,
475 4119 518 4163 aut
535 4110 650 4162 ioctnror
668 4119 695 4164 et
718 4111 868 4178 detrimenta
893 4110 1087 4180 roilemiIiuris
1105 4110 1172 4162 Ilirt.
1190 4107 1262 4163 Alex.
1285 4111 1327 4165 49.
1361 4107 1425 4162 itam

298 4194 391 4247 domna
407 4204 433 4249 et
450 4195 565 4248 iacturae
581 4215 632 4249 non
650 4197 796 4266 significent
821 4177 971 4266 largitiones
990 4196 1030 4250 rel
1051 4213 1155 4250 munere
1175 4205 1219 4248 out
1241 4203 1358 4264 sumptus
1379 4195 1427 4248 nisi

299 4281 391 4344 edditis
409 4291 452 4335 sut
469 4282 677 4351 praecedentibus
696 4283 754 4334 aliis
773 4283 945 4349 substantivis,
957 4266 992 4335 'ut
1015 4283 1081 4335 Plin.
1102 4283 1196 4351 Poneg.
1218 4285 1274 4351 tte
1287 4281 1422 4350 socipinrus

299 4368 399 4421 obsIdes
416 4385 486 4437 ergo,
503 4387 554 4421 non
572 4370 695 4431 emimus,
719 4388 767 4422 neo
788 4367 932 4436 inpetitibrcs
956 4367 1060 4420 <lamnis
1083 4367 1256 4435 innocentisque
1280 4367 1426 4420 muneribus

300 4454 452 4522 paciscimur,
469 4461 498 4506 ut
514 4454 665 4509 ricerimus'.
709 4455 738 4507 ln
760 4454 847 4507 Plauti
870 4453 925 4506 loco
949 4453 1064 4521 (Trucul.
1084 4454 1116 4516 V,
1143 4454 1202 4519 58):
1229 4453 1331 4506 Stultus
1353 4461 1427 4518 atquc

300 4539 405 4592 ireseum
429 4539 529 4592 domnio
552 4549 659 4606 certent,
682 4557 729 4591 nos
751 4540 836 4593 soleae
858 4557 947 4614 cuncus
971 4538 1036 4592 nlius
1060 4547 1100 4593 est
1122 4558 1220 4595 sensus.
1256 4539 1329 4592 (loeo.
1347 4541 1376 4592 B.
1393 4539 1425 4592 G·

302 4625 346 4687 vl,
364 4621 410 4682 1'22
436 4643 529 4694 eosque
554 4628 586 4679 cd
613 4645 642 4680 se
669 4629 770 4696 magnis
797 4625 907 4678 iacturis
929 4625 1089 4694 infinitisque
1112 4625 1262 4693 sumptibus.
1298 4625 1349 4678 cic.
1371 4624 1426 4693 Art.

300 4710 344 4774 l'l,
362 4715 391 4768 l:
408 4711 551 4764 exhaustum
569 4729 626 4766 esse
650 4712 793 4780 sumptibus
815 4721 840 4765 ct
866 4711 975 4762 iacturis
997 4712 1161 4782 prorinoism.
1199 4712 1271 4765 cres.
1288 4710 1318 4763 Β.
1337 4711 1366 4764 (l.
1382 4711 1427 4780 Ill,

304 4798 369 4853 112:
387 4815 451 4866 ques
467 4815 507 4849 res
525 4798 593 4866 opud
610 4797 705 4850 milites
723 4799 874 4866 lurqitionco
893 4798 977 4861 suzim
996 4799 1096 4866 magnis
1108 4801 1176 4851 eultu
1194 4796 1304 4849 iacturis
1322 4797 1427 4864 quisque
1505 4837 1508 4844 .

302 4899 386 4933 eurum
401 4882 497 4933 animos
514 4882 672 4964 conciliabat.
706 4881 787 4950 Atqui
805 4882 882 4952 plane
901 4883 1014 4934 direrrus
1033 4890 1073 4936 est
1089 4897 1152 4935 usus
1169 4899 1257 4935 roeum
1274 4880 1378 4934 iectura
1401 4890 1427 4936 et

302 4966 401 5018 domnio
416 4967 441 5020 in
454 4976 539 5022 nostro
550 4968 667 5022 disticho.
698 4968 810 5022 Omnino
828 4968 905 5022 etism
922 4967 1090 5038 vituperando
1102 4969 1233 5022 etaltera
1245 4967 1426 5024 Bortbiilectio

302 5061 327 5110 et
343 5051 478 5110 distinotlot
860 5061 865 5068 '
