3130 5662
252 1082 272 1123 χ
347 1036 371 1133 J
498 1093 506 1110 .
616 1133 622 1142 ἰ
717 1049 966 1146 rurmsmos
1028 1083 1091 1100 .·

356 1213 390 1281 Si
413 1214 524 1298 cupias
546 1197 657 1298 pacem
679 1213 789 1301 linguei
811 1199 974 1302 compesce
997 1215 1130 1301 loquere
1160 1206 1164 1214 ’
1334 1299 1337 1304 ,

355 1315 399 1383 nt
413 1317 538 1384 ratione
553 1316 620 1384 sile.
637 1317 713 1382 dnm
728 1317 959 1402 (=domInum)
974 1317 1001 1384 si
1016 1317 1124 1402 queris
1139 1318 1228 1386 adire
1243 1323 1302 1388 etc.

339 1420 446 1487 Etiam
468 1420 519 1486 his
539 1419 676 1519 singulis
698 1420 789 1487 libris
804 1421 921 1488 rubrae
942 1421 1165 1506 inscriptiones
1182 1424 1264 1490 'sunt
1286 1423 1391 1506 datae,

254 1528 305 1589 ut:
339 1522 468 1589 EXPL.
492 1523 564 1589 LIB
589 1523 614 1589 I.
638 1521 800 1590 INCIPIT
824 1523 943 1598 SODS..

414 1644 534 1711 Terrae
557 1643 699 1710 culturas
721 1643 749 1710 si
770 1643 837 1726 fors
861 1663 1048 1732 cognoscere
1070 1645 1196 1732 curas³)

408 1748 493 1815 Ecce
516 1746 575 1813 tibi
597 1765 686 1814 mero
710 1747 863 1815 describit
884 1751 1025 1815 earmina
1046 1749 1142 1819 claro.
1219 1783 1224 1792 ·

408 1850 464 1917 Sin
486 1853 590 1935 magis
611 1851 751 1942 herberti
773 1858 889 1920 naturai
911 1853 1032 1922 discere
1053 1859 1130 1920 cerri
1349 1939 1350 1942 Ἴ

283 1971 288 1976 ·
407 1955 542 2042 Herbas
556 1959 590 2020 et
612 1954 697 2022 uires
720 1945 781 2024 scit
803 1975 909 2024 macer
930 1955 964 2024 et
984 1955 1057 2023 inde
1079 1955 1232 2039 requires.
1323 2007 1326 2012 -

409 2059 453 2150 At
475 2058 503 2123 si
525 2058 659 2125 sudores
681 2058 757 2124 belli
779 2059 869 2144 cupis
891 2065 988 2144 atque
1010 2058 1135 2128 labores

407 2161 558 2228 Lucanus
581 2161 660 2240 dicit
680 2178 743 2244 qne
765 2181 857 2248 neser
877 2163 998 2247 proelia
1017 2163 1103 2231 vicit

371 2287 372 2292 ¹
409 2265 444 2332 Si
467 2263 596 2331 ueneris
618 2281 724 2332 mores
747 2265 886 2351 exquiris
909 2271 942 2334 et
964 2266 1032 2335 eins
1054 2285 1190 2334 amores.
1278 2269 1280 2272 ’
1303 2329 1305 2334 ,

408 2367 527 2436 Lectus
543 2367 710 2435 callentem
725 2365 808 2464 naso
822 2367 912 2450 dabit
924 2367 997 2464 hinc
1011 2370 1069 2437 tibi
1083 2374 1222 2438 mentem
1237 2374 1297 2437 ete

342 2489 473 2555 Initinm
495 2487 571 2555 libri
593 2487 654 2557 sve

409 2590 520 2658 Vitam
543 2609 688 2659 securem
710 2593 766 2674 qui
788 2593 838 2659 uis
860 2598 894 2661 et
915 2593 1047 2664 crimine
1067 2589 1186 2679 puram*

408 2697 453 2763 Et
475 2695 533 2778 qui·
553 2695 687 2764 sinceris
709 2700 742 2763 te
764 2696 906 2765 moribus
928 2697 1045 2766 addere
1066 2698 1176 2781 queris
1210 2709 1211 2712 ’

410 2798 515 2868 corde
536 2798 597 2866 sub
620 2803 744 2866 attento
766 2818 839 2868 mes
859 2820 978 2885 ponere
1000 2802 1276 2895 rerbamemento
1310 2853 1311 2858 ,

411 2904 449 2970 In
471 2902 588 2987 quibus
610 2920 767 2988 agnosces
789 2921 853 2986 qne
874 2905 1004 2974 erimine
1024 2905 1184 2992 (crimina)
1322 2908 1324 2912 ’

691 3006 692 3010 ’
796 3009 940 3095 linquere
960 3029 1083 3096 poscas.

410 3111 506 3179 Absit
528 3112 625 3179 ditari
644 3107 702 3194 qui
724 3129 760 3180 se
781 3113 852 3202 uult
871 3119 978 3184 mente
999 3113 1097 3184 beeri
1121 3119 1182 3182 ete.

255 3271 460 3284 -ῇ

325 3373 396 3441 ⁰)1n
415 3371 478 3426 coe.
496 3369 642 3441 cantabrig.
659 3369 728 3425 Bibl.
745 3370 823 3427 Vnir.
842 3369 887 3426 Re
906 3373 931 3430 6.
949 3371 983 3430 29
1007 3371 1042 3426 ita
1059 3390 1087 3428 se
1104 3373 1201 3428 hebent
1217 3391 1319 3428 versus:

462 3476 576 3532 Nosoere
595 3476 618 3530 si
634 3494 695 3530 rurs
711 3475 749 3529 ris
767 3474 833 3530 seire
849 3477 968 3548 georgica
985 3495 1045 3532 sura
1135 3525 1136 3530 ,

464 3563 539 3618 Vires
556 3562 693 3616 herbarum
710 3563 734 3616 si
750 3581 857 3617 noscere
874 3563 907 3617 sit
924 3564 971 3618 tibi
988 3581 1082 3620 earum.

463 3651 551 3705 Mseer
567 3650 719 3704 monstrabit
734 3650 828 3704 herbas
846 3651 939 3708 uirtute
956 3652 1074 3722 probabit

464 3739 563 3804 Quem
580 3739 702 3792 quenum
719 3737 742 3791 si
759 3754 867 3791 nuseers
884 3739 918 3792 sit
933 3738 981 3792 tibi
998 3756 1088 3794 sanum
1106 3746 1156 3794 ete.

326 3845 376 3899 Hic
394 3844 482 3899 Codex
499 3841 639 3896 membran
657 3841 744 3896 decem
762 3841 832 3895 foliis
845 3842 974 3911 quaternis
991 3843 1133 3897 minoribus
1150 3841 1272 3897 &torrem
1289 3841 1400 3906 exhibet,

258 3932 354 3986 emisse
372 3930 488 4003 prosaica
505 3938 587 3999 perte.
623 3928 705 3982 Primi
723 3946 812 3983 sersus
830 3937 890 3982 sunt
904 3929 946 3983 hi:

464 4015 495 4070 si
513 4014 577 4069 deus
595 4025 636 4069 est
653 4015 764 4080 miuus,
781 4023 812 4069 ut
829 4015 923 4086 scripta
938 4033 985 4087 per
1003 4015 1086 4070 ethiea
1100 4015 1194 4070 scimus
1221 4001 1228 4011 ⁴⁴
1317 4009 1321 4015 ¹

463 4103 523 4157 non
541 4101 588 4156 nti
606 4101 767 4173 spernendus
785 4102 820 4156 sit
836 4121 901 4172 pura
918 4109 1003 4157 mente
1020 4100 1153 4158 seleucius.

464 4189 530 4243 Plus
548 4189 657 4258 rigilsns
674 4195 731 4242 esto
749 4205 909 4259 sompnoque
925 4189 1017 4242 irusrb
1034 4185 1150 4243 honestos

464 4276 516 4330 Dat
532 4277 634 4345 requies
651 4276 755 4345 gruudb
772 4275 847 4329 viciis
864 4275 985 4328 alimenta
996 4274 1112 4328 ueiaudis
1130 4281 1177 4329 etc.

214 4415 220 4426 ,
326 4365 421 4419 Insunt
438 4365 515 4418 etiam
530 4363 715 4433 disputationes
728 4363 795 4417 iuter
806 4361 1068 4431 eorpusetsnimam,
1086 4361 1248 4416 interrinum
1261 4371 1402 4433 etaqusm,
1430 4401 1433 4407 -

258 4453 327 4506 inter
344 4452 455 4506 membra
472 4449 569 4520 regalis
585 4450 698 4504 hominis
715 4451 748 4504 de
765 4469 831 4503 rans
849 4449 950 4502 {silacia
961 4448 1058 4514 mundi,
1076 4447 1109 4502 de
1123 4449 1245 4504 verietate
1261 4449 1402 4520 quueneitr

258 4537 413 4606 inmundo,
432 4536 465 4590 de
483 4545 579 4602 morte,
597 4536 702 4590 libellus
725 4536 879 4600 hildeberti,
901 4519 950 4605 eps
967 4533 1104 4604 (episeopi)
1128 4534 1160 4589 de
1185 4535 1286 4589 edificio
1309 4535 1402 4592 suisne.

259 4622 438 4692 csnmbrigiee
456 4622 482 4674 in
500 4621 579 4678 Vnir.
599 4620 667 4678 ebt.
686 4632 786 4694 prester
803 4624 851 4677 bos
870 4621 915 4676 ulii
932 4622 1006 4706 papei
1023 4621 1125 4676 Getonis
1144 4623 1244 4678 oodiees
1257 4621 1335 4676 MSS.
1354 4621 1401 4675 sd-

260 4718 392 4764 serrantur
404 4708 556 4763 recentiores
568 4709 717 4780 nulliusque
729 4710 803 4764 uobis
815 4709 899 4780 pretii,
917 4715 946 4762 ut
962 4707 985 4762 Ε
1003 4725 1026 4762 e.
1044 4709 1089 4763 IV.
1101 4709 1145 4766 31.
1163 4727 1189 4763 u.
1204 4711 1268 4767 1041
1286 4706 1356 4761 ioliis
1370 4709 1403 4765 lt

259 4796 400 4851 membran.
418 4803 445 4849 et
461 4795 569 4851 uhutsc.
588 4793 707 4851 eoustens
725 4806 751 4852 et
768 4805 870 4868 praeter
893 4795 1054 4866 nnolopioa,
1075 4813 1141 4866 qnae
1158 4794 1250 4850 mutila
1266 4799 1336 4858 suat,
1355 4791 1403 4847 Os·

259 4899 345 4953 gossem
362 4881 495 4936 oontiuens
513 4899 572 4936 eum
588 4883 707 4938 rersioue
724 4883 842 4955 Amplius.
861 4890 915 4936 tum
932 4884 975 4940 ii.
994 4882 1028 4936 Η.
1045 4884 1069 4940 9.
1088 4899 1114 4937 n.
1129 4883 1205 4940 1237.
1224 4879 1403 4935 eodebertus.

260 4975 365 5039 praeter
381 4985 470 5039 preses
487 4966 611 5039 Anglicss
638 4968 753 5024 rersdsus
776 4967 857 5024 simili
880 4969 948 5024 exitu
974 4967 1117 5040 conpositas
1142 4970 1176 5026 19
1193 4965 1404 5042 tennemonn

263 5073 316 5110 uns
333 5073 389 5111 sum
407 5055 525 5111 versione
542 5053 658 5126 Angites
674 5053 851 5128 conplectitur.

1548 1359 1555 1472 ἑ
