3130 5662
673 1000 904 1118 emeseno..
1035 1097 1038 1102 .

320 1200 491 1284 Fingebam
514 1199 630 1281 vultus,
651 1198 779 1266 habitus
800 1185 839 1266 ac
861 1197 959 1264 verba
979 1196 1176 1278 loquentum,
1312 1200 1349 1261 15
1396 1209 1398 1212 ’

371 1301 417 1369 Vt
436 1300 543 1385 plures
564 1317 627 1367 uno
651 1301 776 1368 creduis
799 1318 855 1368 ore
876 1298 973 1382 loqui.
1207 1381 1210 1387 Ι

321 1407 393 1490 Ipse
416 1405 521 1487 etiam,
543 1422 637 1486 quem
659 1410 770 1472 nostra
794 1402 893 1470 oculis
915 1400 1102 1486 geminabat
1122 1402 1238 1486 imago,

371 1509 514 1590 Horruit,
536 1506 569 1572 in
586 1499 699 1573 'vultus
722 1524 757 1573 se
781 1504 877 1572 marIs
899 1503 963 1571 isse
984 1522 1083 1572 meos.

321 1611 348 1698 Ο
370 1612 515 1695 quotiens
535 1609 660 1676 imitata
682 1628 752 1677 meo
775 1627 810 1676 se
833 1607 950 1677 femine
970 1612 1065 1691 gestu
1388 1677 1391 1681 ,

136 1779 141 1787 .
372 1712 461 1781 Vidit
481 1718 515 1781 et
535 1713 663 1781 erubuit
684 1717 816 1796 totaque
837 1715 924 1780 mota
946 1709 1020 1778 iuitl
1178 1769 1182 1774 .
1311 1716 1353 1779 20

321 1818 407 1901 Ergo
430 1821 508 1902 quot
528 1817 561 1882 iu
583 1822 692 1884 nostro
715 1806 863 1884 ridebant
884 1832 1017 1898 corporo
1038 1812 1169 1897 formae,

371 1920 434 1986 Tot
453 1936 575 1986 mecum
595 1924 705 2002 raptas
726 1916 859 1986 abstulit
880 1922 952 1984 atra
967 1917 1051 1985 dIes.
1091 1913 1093 1916 ’
1131 1973 1135 1982 .

322 2005 390 2087 Quo
413 2024 468 2072 vos
490 2005 553 2073 iam
575 2005 659 2070 tristi
681 2005 831 2089 turbatus
853 2002 1006 2087 deprecor
1027 2021 1093 2086 ore,
1149 2073 1153 2081 ,

373 2105 435 2185 Qui
456 2105 612 2173 tumulum
632 2105 739 2192 legitis
761 2124 834 2174 cum
854 2105 975 2189 pietate
996 2123 1113 2174 mcum.

323 2211 467 2293 Oquam
487 2209 593 2276 laetus
616 2228 697 2293 eras,
719 2205 845 2293 Vitalis,
862 2209 964 2276 dicite
985 2209 1136 2278 maestis
1311 2215 1353 2276 25
1417 2205 1420 2212 “
1557 2269 1559 2302 ⁴

374 2312 445 2381 Sint
466 2313 533 2391 tibi,
554 2312 680 2392 Vitatis,
702 2313 768 2380 sint
789 2312 848 2382 tibi
870 2312 1087 2383 laetamodol
1112 2350 1157 2362 -

202 2439 218 2482 ’.
304 2419 373 2486 Hoc
395 2413 604 2503 epitaphium,
626 2415 713 2501 quod
734 2413 843 2482 multis
865 2414 951 2482 vitiis
978 2414 1172 2484 maculatum
1202 2415 1355 2500 singulari
1559 2483 1560 2492 2

221 2542 297 2592 cura
318 2520 495 2605 emendavi,
510 2513 555 2587 'in
569 2518 709 2587 'catonis
730 2519 833 2587 nostri
847 2516 955 2592 ,filium
976 2517 1076 2588 luisse
1098 2519 1269 2603 scriptum,
1291 2536 1355 2586 non
1452 2605 1455 2610 Ι
1559 2527 1560 2558 I

221 2625 387 2694 vedsimile
408 2631 496 2710 puto,
517 2644 589 2693 cum
610 2627 680 2691 tota
694 2623 902 2690 distichomm
924 2620 1047 2691 indoles
1070 2625 1103 2689 ct
1123 2626 1242 2690 natura
1262 2621 1357 2690 mori·
1535 2646 1544 2654 ·

221 2731 282 2798 bus
302 2729 388 2796 mimi
411 2728 615 2809 contradicat,
637 2729 728 2796 cuius
750 2727 857 2794 vivida
877 2726 1096 2822 hispersibus
1118 2727 1223 2812 imago
1246 2727 1357 2795 adum·

213 2833 316 2921 ¹brata
329 2838 386 2902 cst
422 2831 578 2900 DcVitali
592 2833 655 2899 isto
666 2831 739 2902 vide
750 2831 878 2898 Anthol.
901 2829 938 2896 L.
950 2830 1008 2910 v1,
1019 2834 1071 2897 20.
1084 2830 1205 2916 Meyer.
1217 2849 1247 2896 n.
1261 2835 1356 2920 1173,

225 2942 264 3004 15
280 2955 347 3021 sqq.
385 2933 465 3004 Cum
479 2933 600 3004 catone
621 2939 730 3003 nostro
754 2953 827 3002 eum
847 2934 947 3002 fuisse
962 2934 1175 3026 coniunctum,
1197 2933 1286 3001 nulla
1306 2937 1358 3002 est

222 3039 315 3108 ratio.
359 3039 407 3106 De
428 3038 554 3106 scurrili
583 3040 720 3124 quodam
742 3037 871 3107 serioris
899 3037 1019 3122 saeculi
1040 3043 1153 3123 poeta,
1181 3037 1234 3106 cui
1255 3036 1357 3105 simile

223 3163 337 3212 nomen
358 3141 478 3228 (Vidal)
501 3147 580 3226 crat,
603 3143 742 3227 cogitare
763 3147 853 3211 vetat
875 3147 963 3210 certa
984 3141 1111 3212 Codicis
1133 3141 1235 3210 nostri
1256 3145 1356 3225 actas,

112 3329 117 3338 ⁵
223 3248 279 3331 qui
300 3266 363 3314 nou
385 3246 425 3314 ad
448 3246 603 3315 decimum
624 3247 756 3315 tertIum
778 3246 836 3314 sed
858 3246 900 3314 a'd
922 3245 1079 3314 decimum
1102 3245 1266 3314 saeculum
1279 3263 1357 3330 spe
1498 3325 1501 3334 g

189 3353 192 3358 '
224 3353 300 3420 ctat
344 3348 537 3417 Alibrariis
566 3345 641 3434 ergb
671 3350 866 3435 epitaphium
896 3348 976 3417 illud
1003 3347 1136 3418 camnis
1164 3348 1246 3418 libro
1273 3347 1358 3418 iorte
1479 3421 1503 3452 ,ἢ

224 3453 365 3531 lomene,
386 3457 423 3519 ut
443 3451 601 3520 interdum
624 3451 677 3532 fit,
705 3453 890 3521 adiunctum
913 3472 984 3524 esse
1006 3453 1221 3539 suspicamur,
1249 3451 1375 3550 qualia⁸

225 3557 440 3625 additamenta
461 3555 495 3622 iu
515 3555 674 3623 nonnullis
694 3557 856 3625 veteribus
879 3557 1006 3624 Horatii
1033 3556 1195 3626 codicibus
1216 3561 1278 3626 cte.
1299 3557 1369 3625 Pa»

224 3661 321 3728 risino
343 3657 372 3724 B
391 3665 557 3744 tamqnam
578 3678 756 3745 parergae
777 3660 881 3744 prima
901 3678 999 3728 manu
1023 3659 1132 3744 posita
1152 3677 1223 3730 esse
1244 3679 1358 3748 cogno-

225 3780 335 3833 umus
576 3787 584 3800 ·
898 3807 900 3812 -

310 3865 446 3936 Vetusta
466 3885 579 3936 manus
600 3867 740 3936 secunda
766 3867 861 3936 modo
883 3868 1036 3951 correxit,
1065 3867 1161 3938 modo
1187 3868 1360 3937 11111111-

227 3970 345 4040 ctiones
360 3991 455 4055 supra
478 3973 595 4057 posuit,
616 3976 654 4038 ut
672 3960 893 4056 intillillllgas,
916 3990 1008 4056 quur,
1031 3970 1162 4040 eonium
1176 3975 1237 4042 etc
1276 3971 1360 4040 Scri-

227 4075 275 4143 bit
294 4093 456 4160 proponas,
476 4075 636 4159 quaesitis,
659 4073 758 4160 laq:
768 4075 889 4142 mortis
913 4093 985 4143 cum
1007 4073 1257 4161 acutianus,
1280 4075 1359 4143 diui·
1493 4115 1497 4126 ·

228 4179 296 4258 ciis,
309 4196 516 4264 compescere,
526 4179 718 4262 impendero
730 4177 909 4264 adquirere,
920 4177 1062 4258 coherce,
1074 4178 1360 4265 abundasdamna,

229 4283 361 4366 damnis,
381 4283 474 4350 thure
494 4287 554 4352 etc
674 4317 682 4330 ·

53 4431 75 4474 ἱ.
91 4440 157 4474 m,
175 4427 206 4474 ι
314 4386 373 4474 (I.)
403 4386 567 4454 Parisinus
590 4386 782 4455 1874114.
809 4386 954 4472 longiore
976 4388 1045 4456 'vet
1071 4406 1158 4458 uum.
1180 4392 1266 4457 4246
1288 4408 1361 4460 cum

230 4489 354 4559 scholiis
376 4489 600 4576 marginalibus
630 4494 664 4558 et
683 4490 798 4574 glossis
823 4490 944 4576 primae
965 4509 1090 4559 manus.
1134 4489 1250 4562 Catoni
1270 4511 1361 4578 prac-
1500 4488 1503 4494 ’

228 4594 326 4664 missa
347 4597 422 4662 sunt
435 4598 581 4677 poemata
594 4593 753 4678 Prosperi,
774 4592 886 4664 Sereni
905 4593 1102 4678 aliorumque
1115 4601 1284 4682 poetarum
1304 4596 1362 4664 mi-

200 4735 203 4740 ·
228 4718 349 4768 norum.
393 4694 523 4765 (latoris
545 4715 657 4766 nomen
680 4717 744 4767 non
766 4697 906 4766 occurrit
926 4697 960 4764 in
981 4697 1172 4785 epigraphis,
1194 4717 1278 4784 quae
1299 4699 1362 4767 sin·

229 4802 313 4889 gulis
329 4800 417 4870 Irbris
432 4801 526 4869 datae
540 4806 631 4868 sunt:
646 4800 847 4892 ahenam
867 4800 997 4869 LIBER
1011 4802 1036 4870 1.
1052 4801 1214 4870 INCIPIT
1231 4801 1363 4870 LIBER

228 4906 271 4974 11.
294 4941 336 4954 -
358 4902 525 4972 EXPLIO.
554 4903 684 4971 LIBER
705 4903 764 4972 III.
795 4902 957 4972 INCIPIT
985 4903 1193 4988 QVARTVS.
1245 4905 1362 4974 Manus

235 5007 419 5096 glossatoris
440 5025 535 5093 saepe
556 5005 693 5076 correxit
713 5013 896 5092 expungens
918 5012 952 5077 et
972 5009 1118 5079 eradens.
1163 5006 1362 5110 Scripturas:
1446 5079 1450 5085 .

262 5343 314 5454 «ἐ
