3094 5658
106 1157 112 1167 ¹
201 1155 202 1160 .
233 1089 264 1145 et
627 1121 630 1128 -
657 1090 746 1153 uano
768 1049 1017 1148 innnosonnvs.
1071 1118 1073 1122 -

252 1242 301 1309 38.
335 1242 421 1310 Ture
444 1245 538 1311 deum
562 1246 669 1330 placa:
690 1220 822 1313 vitulum
845 1249 913 1315 sine
936 1255 1059 1315 crescat
1079 1253 1203 1315 aratro:
1282 1283 1286 1290 ·
1310 1227 1314 1234 ’

306 1346 375 1413 Ne
398 1348 509 1415 eredas
531 1351 672 1432 gaudere
693 1351 804 1434 Deum,
828 1351 902 1417 dum
925 1352 1021 1446 caede
1043 1351 1193 1431 litatum

300 1536 343 1592 38.
365 1535 434 1588 Ture
451 1537 549 1590 RYEH
568 1539 632 1592 Van.
652 1541 694 1596 91.
734 1538 819 1592 Thura
836 1541 996 1604 recentiores,
1021 1550 1050 1592 ut
1065 1541 1138 1594 DKV
1156 1552 1203 1594 etc.
1238 1541 1365 1597 Arntzen:

234 1639 318 1674 omnes
336 1621 473 1700 ‘Codicum
490 1623 659 1678 .Oollationes
690 1633 765 1694 atque
793 1627 927 1679 Editioncs
959 1644 1004 1692 per
1030 1627 1227 1696 adspirationem
1255 1629 1367 1680 scribunt

232 1705 316 1762 tlure'.
336 1709 419 1760 nihilo
436 1709 523 1763 minus
541 1714 599 1779 ipse
617 1707 712 1781 recepit
734 1711 810 1774 Ture,
828 1713 1001 1774 attundendo,
1020 1730 1070 1764 non
1089 1732 1104 1765 a
1121 1716 1196 1766 verbo
1214 1712 1292 1766 θύειν
1317 1731 1366 1766 no·

232 1793 298 1846 mine
316 1788 436 1865 deducto,
455 1805 481 1849 et
498 1797 613 1850 addidit:
637 1802 715 1850 ‘recte
731 1798 799 1865 prior
817 1817 905 1850 manus
929 1799 1126 1868 adspirationem
1150 1801 1235 1853 omisit
1259 1802 1284 1854 in
1303 1800 1365 1852 eod.

231 1880 322 1932 'iuria'
339 1880 435 1933 vitulus
452 1882 557 1936 Withof.
576 1901 602 1951 p.
616 1885 672 1941 ’571
693 1891 719 1935 et
735 1882 791 1935 soie
808 1883 857 1935 Ed.
877 1884 959 1936 Paris.
996 1883 1050 1936 Sed
1066 1885 1172 1937 vitulum
1196 1886 1365 1940 hellenismus

182 2035 187 2048 Ι
224 1951 257 2019 'et
272 1965 375 2036 elegans
394 1967 498 2021 locutio.
517 1987 540 2022 r.
558 1957 655 2022 Sanctii
672 1969 734 2022 Min.
752 1969 796 2032 tv,
817 1971 849 2026 12
867 1978 892 2022 et
909 1967 1020 2023 Badium
1037 1971 1137 2024 adh.l.
1168 1969 1367 2041 ‘urseci'saepo

193 2073 198 2083 ·
234 2051 309 2120 priori
328 2053 403 2105 verbo
421 2055 540 2123 iungunt,
560 2055 629 2124 quod
647 2055 796 2122 posterioris
814 2065 861 2118 est,
880 2065 910 2109 ut
926 2056 976 2108 scis
993 2073 1032 2108 mc
1049 2055 1113 2122 quid
1128 2057 1200 2108 eelim
1218 2075 1278 2127 prot
1305 2058 1366 2120 scis,

231 2138 292 2206 quid
309 2157 356 2207 ego
374 2139 476 2195 velim).
495 2139 537 2192 Nc
555 2139 647 2192 credas
662 2138 776 2208 §audere
793 2138 866 2191 deum
886 2141 947 2192 snt
964 2160 981 2193 x
998 2143 1062 2195 Rex.
1080 2142 1151 2194 Leid.
1165 2143 1196 2196 ll.
1211 2142 1277 2195 0011.
1290 2144 1378 2206 Voss„

234 2223 290 2276 Vet.
307 2225 372 2294 ch.
390 2225 416 2277 in
435 2226 568 2280 Editiones
586 2227 693 2283 transiit.
712 2227 778 2278 conf.
796 2226 857 2279 lior.
875 2226 904 2282 0.
923 2226 969 2290 IV,
996 2229 1036 2294 14,
1053 2229 1101 2285 51:
1128 2226 1205 2281 caede
1226 2228 1368 2296 pandectes

231 2307 376 2379 Sygambri.
413 2311 534 2365 conferas
552 2312 669 2366 withofii
686 2312 885 2382 propositionem
901 2330 927 2381 p.
946 2313 1024 2386 5702·

373 2397 375 2400 ⁴
437 2398 505 2451 Ture
523 2399 600 2452 deum
615 2399 703 2467 placat
721 2397 817 2450 vitulus
833 2399 888 2452 sine
906 2408 1000 2452 crescat
1018 2407 1117 2464 arcos
1159 2438 1161 2441 ψ

428 2483 545 2536 ,Laetori
561 2501 610 2537 uec
627 2484 702 2538 crede
719 2484 811 2549 Deum,
829 2500 909 2549 quum
926 2484 1003 2538 caedo
1019 2486 1114 2541 litatur.

233 2571 326 2624 Deum.
352 2578 378 2623 et
402 2569 542 2624 Scriverius
566 2571 682 2624 fecerunt
705 2570 813 2636 placeri
834 2588 866 2624 ne
889 2571 962 2624 crede
984 2574 1085 2641 Deum,
1109 2590 1186 2641 quum
1205 2581 1252 2626 ete.
1269 2591 1301 2626 cx
1322 2572 1368 2632 ‚Nc

233 2655 319 2708 medus
342 2658 445 2725 placare
470 2658 555 2712 deum.
577 2657 639 2709 dum
663 2657 781 2709 Ruunt
804 2656 893 2725 (lamp.
917 2657 977 2724 (YH
1001 2658 1068 2723 rum)
1091 2657 1164 2712 (lant.
1182 2660 1224 2716 83.
1242 2659 1305 2713 Ven.
1324 2663 1366 2716 91.

236 2743 307 2799 1658·
343 2743 466 2796 Withoiio
490 2741 595 2797 iniiceta
612 2745 654 2796 lnic
670 2751 710 2796 est
726 2745 822 2797 iteratio
841 2745 908 2797 vocis
923 2744 1032 2810 placere
1050 2763 1070 2797 s.
1084 2737 1199 2812 placari,
1224 2765 1299 2815 quem
1310 2753 1366 2815 ‘po-

236 2828 284 2881 t'us
302 2829 367 2882 iuter
387 2829 493 2882 delicias
511 2829 629 2882 Auctoris
647 2830 727 2882 nostri
739 2831 908 2899 reponendam
921 2838 1009 2884 censet
1019 2829 1172 2884 Arnttenius
1183 2841 1259 2900 atque
1272 2837 1369 2885 ‘contra

234 2908 336 2967 sensum
353 2905 467 2968 exhiberi
486 2915 547 2968 dicit
563 2913 606 2967 Nc
623 2915 715 2967 credas
728 2906 837 2984 placore
855 2915 948 2979 Deum,
972 2917 1023 2969 nisi
1046 2917 1182 2970 durissime
1205 2917 1237 2969 τὸ
1259 2918 1369 2986 placare

233 3001 390 3072 παθητικῶς
407 3003 539 3055 sumatur'.
568 3001 624 3055 Nee
642 3001 727 3054 credas
742 3003 851 3069 placare
869 3002 945 3056 deum
962 3003 1076 3056 concede
1093 3003 1120 3058 Ζ.
1146 3001 1202 3055 Nec
1219 3004 1293 3056 cedas
1307 3005 1368 3072 pla·
1397 3035 1401 3042 -

235 3104 292 3140 eure
318 3089 394 3141 deum
420 3088 502 3156 9ceda
528 3088 587 3158 (sic)
612 3087 691 3158 liiltur
712 3089 771 3156 (sic)
793 3071 826 3141 D.
850 3088 950 3141 lictatur
973 3089 1016 3142 Pr.
1027 3090 1115 3157 peada
1132 3089 1163 3146 B.
1187 3108 1245 3143 cum
1273 3090 1370 3145 ditatur

235 3175 322 3228 Leidd.
341 3176 362 3228 i.
380 3175 413 3230 ll.
449 3173 507 3227 Nec
525 3174 620 3228 habent
637 3176 714 3229 etiem
733 3174 804 3229 Ouxt.
823 3176 883 3231 stt.
900 3175 966 3228 Ven-
985 3176 1027 3232 93.
1057 3176 1138 3233 Paris.
1156 3176 1233 3232 (iord.
1252 3177 1325 3232 crue.
1343 3187 1370 3230 et

234 3260 315 3313 auin.
333 3260 360 3312 ιιι
373 3261 503 3328 margine&
539 3260 616 3312 non..
630 3245 700 3314 nos
713 3261 820 3313 Memor.
838 3261 911 3316 «nris.
930 3261 1007 3314 cort.
1024 3260 1127 3314 neuun
1152 3271 1177 3314 a
1201 3263 1284 3316 norm.
1303 3273 1368 3316 seso
1442 3237 1444 3246 ‘
1481 3255 1484 3258 ’

233 3345 341 3399 Daumio
367 3354 394 3398 ct
410 3346 539 3398 ‘undecim
562 3346 638 3401 Edd'
665 3346 734 3416 apud
752 3347 869 3400 Arutsen.
910 3345 975 3398 Cam
993 3346 1077 3402 Turio.
1096 3357 1121 3400 et
1137 3349 1194 3401 rell.
1230 3347 1270 3401 Ne
1293 3364 1368 3400 cures

235 3432 333 3501 plaeere
350 3434 429 3485 deum
447 3432 485 3487 tt.
520 3430 584 3485 Non
601 3433 688 3486 credas
707 3433 808 3500 placare
826 3433 902 3486 deum
921 3432 964 3485 Pr.
999 3432 1040 3486 No
1058 3433 1145 3486 eredas
1168 3433 1267 3503 placere
1290 3435 1366 3486 deum

234 3519 293 3586 (non
318 3518 378 3585 deo)
396 3519 482 3574 Turio.
503 3519 529 3570 in
547 3536 643 3573 rasura.
672 3519 778 3589 Memor.
798 3518 880 3572 Trem.
904 3517 968 3570 Teste
985 3519 1002 3571 i.
1021 3527 1047 3570 tn
1065 3519 1120 3587 ipae
1144 3536 1189 3587 pro
1213 3517 1281 3570 ture
1302 3519 1370 3571 male

235 3606 341 3658 correxit
357 3602 517 3657 Boxhornius
536 3623 561 3674 p.
580 3607 642 3668 359,
660 3606 705 3674 qui
722 3607 828 3674 probare
845 3605 985 3674 temptavit,
1005 3611 1059 3658 ‘aut
1070 3605 1173 3658 omnino
1188 3603 1369 3667 Christianum,

234 3701 285 3754 aut,
304 3692 327 3743 si
345 3693 386 3745 cui
404 3692 437 3744 ad
462 3681 570 3744 nimium
587 3692 710 3754 videatur,
729 3691 956 3744 semichristianum
977 3693 1061 3744 ¹fuisse
1086 3692 1177 3743 luorum
1200 3691 1370 3743 Distichorum

147 3829 150 3836 ,
189 3775 191 3782 ’
235 3777 408 3839 conditorem’,
424 3777 567 3830 concedens
585 3786 671 3830 tamen
688 3776 790 3840 ibidem,
810 3776 989 3856 ‘l'ythaporam
1008 3777 1084 3829 etiem
1101 3776 1206 3845 eiusque
1230 3786 1369 3830 sectatores

235 3863 391 3933 improbasse
409 3860 500 3915 caedes
517 3861 699 3916 victimarum'.
742 3862 796 3915 Sed
820 3862 885 3914 conl.
903 3862 948 3924 IV,
968 3865 1013 3919 lit
1038 3861 1100 3914 Cum
1124 3863 1161 3915 sis
1184 3861 1240 3931 ipsc
1267 3878 1369 3926 nocens,

235 3949 341 4002 moritur
359 3966 408 4001 cur
426 3948 530 4000 uictima
547 3966 594 4018 pro
608 3950 655 4022 tel
681 3948 731 4001 vbi
742 3949 876 4002 Erasmus:
895 3948 1012 4001 ‘Veteres
1024 3949 1159 4000 eredebant
1171 3947 1269 4015 expiari
1281 3947 1369 4000 scelus

234 4027 407 4094 commissum,
425 4043 535 4087 mactata
551 4034 659 4104 pecude,
678 4051 744 4102 quae
761 4034 825 4086 nihil
843 4035 1019 4098 commiserat,
1047 4041 1072 4087 et
1089 4049 1136 4102 pro
1160 4033 1243 4086 alieno
1266 4042 1369 4104 peceato

237 4120 358 4174 innocent
376 4119 454 4173 dabat
471 4137 575 4188 poenas,
595 4137 651 4172 cnm
669 4118 702 4182 is,
720 4119 763 4187 qui
781 4117 903 4188 peccavit,
923 4119 1007 4188 potins
1026 4121 1128 4172 mactari
1147 4108 1270 4184 debuerit,
1293 4136 1370 4188 quam

163 4208 170 4223 '
236 4208 345 4264 victima.
380 4205 464 4258 Stulte
481 4213 567 4258 autem
585 4205 728 4274 sperabant,
747 4204 856 4256 alienam
874 4213 980 4256 mortem
998 4205 1048 4257 sibi
1065 4204 1141 4257 saluti
1158 4204 1220 4269 iore,
1247 4220 1306 4258 eum
1323 4222 1371 4256 sua

237 4310 362 4363 quemque
380 4292 448 4344 maia
465 4291 498 4344 ds
515 4310 562 4345 suo
581 4291 723 4359 dependere
741 4289 871 4359 oporteat'.
902 4289 1021 4342 Ceterum
1044 4289 1101 4360 lege
1119 4290 1296 4360 Gannegietcri
1313 4306 1369 4360 cap.

237 4379 294 4443 XV,
313 4381 357 4448 qni
374 4397 401 4448 p.
415 4380 469 4437 *425
490 4377 663 4430 Boxborninm
681 4377 814 4447 redarguit,
832 4377 919 4430 dicens
937 4383 992 4429 tuto
1010 4378 1029 4428 1.·
1047 4385 1074 4429 tu
1092 4378 1148 4446 ipse
1166 4377 1303 4431 lectionem
1320 4394 1371 4430 nen

179 4451 183 4460 ¹
238 4464 321 4517 solum
339 4464 410 4519 nulio
429 4464 526 4518 (toties
543 4473 642 4517 vetusto
660 4465 769 4534 probari,
787 4463 833 4516 sed
851 4471 878 4516 et
895 4463 973 4516 monti
991 4463 1109 4517 Auctoris
1128 4463 1278 4517 adversari·
1298 4462 1370 4516 Idem

238 4551 384 4605 doctissime
403 4551 435 4605 de
452 4559 510 4604 turc
528 4550 648 4603 disseruit
665 4567 723 4621 cap.
741 4549 811 4612 XVI,
829 4558 914 4602 eontra
932 4547 1102 4602 Bonlnornium
1127 4549 1235 4611 docens,
1258 4549 1370 4617 thymia-

225 4623 305 4691 'mutu
321 4655 353 4691 ex
370 4645 426 4691 ture
444 4636 472 4690 in
488 4646 571 4690 vetere
590 4635 704 4690 Ecclesia
722 4637 793 4709 nulia
809 4635 898 4702 fuisse,
915 4645 993 4704 atque
1010 4634 1079 4704 apud
1096 4643 1194 4687 veteres
1212 4633 1371 4686 Christianos

240 4725 301 4776 turia
318 4723 441 4776 honorem
458 4723 485 4776 in
501 4724 579 4776 rebus
597 4723 701 4792 priuatis
720 4721 832 4791 aliquem
849 4722 937 4787 luisse¹
962 4721 989 4774 iu
1014 4721 1097 4775 Sacris
1122 4719 1237 4783 nulium;
1261 4719 1372 4787 denique

238 4807 312 4862 lectio
329 4826 418 4862 versus
436 4810 518 4862 nostri
535 4809 676 4862 vindicatur
693 4815 718 4861 et
734 4807 890 4862 inlustratur.
926 4807 983 4859 Duo
1000 4807 1043 4860 irie
1060 4805 1184 4858 sacrificia
1208 4805 1245 4858 nit
1268 4804 1371 4874 epponi,

240 4897 303 4947 turis
321 4904 347 4949 et
366 4895 454 4948 situlit
473 4895 538 4947 iliud
556 4894 686 4959 laudatur,
709 4894 758 4947 hoo
774 4895 929 4963 reprobatur.
951 4894 1042 4946 Adicit
1057 4891 1127 4946 locos
1139 4890 1239 4944 Horatii
1249 4889 1278 4945 C.
1290 4889 1311 4952 1.
1323 4889 1373 4945 36:

241 4978 273 5032 Et
289 4988 344 5033 ture
362 4989 389 5034 et
406 4979 500 5033 fidibus
517 4981 587 5033 insat
604 4979 723 5032 Placere.
759 4977 791 5034 C.
809 4979 853 5043 111,
872 4980 915 5043 211,
932 4979 964 5036 3ι
983 4978 1012 5032 Si
1029 4986 1086 5031 turc
1105 4975 1234 5045 placaris.
1253 4983 1279 5029 et
1296 4973 1373 5029 Orid.

138 5105 140 5110 ,
242 5064 269 5122 F.
285 5065 306 5135 l,
323 5068 390 5128 507:
413 5064 598 5135 Turaseront.
628 5065 735 5120 liuttici.
752 5065 786 5134 X,
805 5067 848 5131 92,
869 5069 915 5123 ld:
933 5073 990 5120 turs
1005 5064 1183 5134 plasticae
1210 5061 1276 5115 ‘Hoc
1292 5078 1371 5135 prae·
