3130 5662
291 1056 394 1097 xxvur
699 1021 704 1072 ῖ
755 1027 956 1080 ransrnrro:

292 1167 357 1254 tate
378 1186 601 1253 hodiernorum
623 1183 782 1251 hominnm
805 1183 919 1250 iudicia
935 1187 1143 1262 contemnere,
1166 1205 1229 1270 qua
1248 1185 1291 1251 ilfi
1313 1185 1413 1252 bonos

292 1292 461 1373 scriptores
484 1287 647 1372 aspernari
664 1287 771 1355 ‘solent
792 1292 851 1354 etc.
948 1310 954 1322 ·

496 1393 522 1454 I
524 1389 588 1456 bid.
901 1396 903 1400 ’
1169 1453 1170 1456 ,

377 1499 445 1580 Ego
468 1496 544 1578 mihi
566 1493 709 1562 conscius
731 1514 819 1574 sum,
846 1494 961 1560 multos
984 1494 1200 1576 gravissimos,
1223 1499 1254 1561 et
1274 1489 1414 1560 doctissi-

292 1621 359 1668 mos
380 1601 465 1667 viros
487 1618 549 1666 non
571 1599 738 1682 puduisse,
757 1600 822 1682 jann
844 1601 1009 1683 provectos
1031 1601 1153 1675 aetate,
1175 1598 1254 1664 haec
1272 1597 1416 1664 Disticha

292 1689 473 1770 memoriter
494 1702 623 1769 discere
866 1785 869 1790 ‚
934 1781 937 1786 ¹

376 1803 544 1890 Idemflue
557 1802 718 1869 Natarum
741 1804 774 1868 o‘a
789 1805 882 1870 Pabf.
899 1801 980 1890 Syri
991 1794 1180 1866 Sententiae.
1203 1804 1285 1871 Edit.
1306 1804 1416 1889 Lugd:

377 1909 466 1976 Haec
487 1908 663 1988 Publicus,
688 1908 829 1990 quamvis
851 1909 934 1976 inter
961 1925 1063 1990 nugas
1090 1906 1260 1973 theatrales
1284 1908 1417 1990 jactata,
1451 1973 1454 1998 ἱ

292 2017 397 2080 tomen
419 2011 496 2093 quid
518 2016 656 2090 rectum,
688 2010 763 2095 quid
785 2010 863 2077 utile
885 2011 943 2092 sit,
973 2015 1066 2076 sunta
1087 2006 1270 2088 Horatium,
1303 2011 1416 2077 melius

293 2115 468 2198 Chrysippo
492 2117 525 2180 et
542 2112 702 2180 Crantore
725 2114 840 2181 dicunt.
886 2113 999 2197 Itaque
1021 2131 1179 2203 nunquam
1202 2111 1269 2178 illos
1292 2112 1331 2179 de
1352 2131 1416 2178 ma·

292 2217 385 2284 nibus
407 2215 567 2301 deponant
587 2236 650 2284 nou
672 2217 762 2301 pueri
784 2221 916 2297 tautum,
939 2216 996 2284 sed
1018 2215 1111 2282 etiam
1135 2214 1303 2282 doctiores:
1331 2214 1418 2298 quod

291 2320 375 2386 idem
397 2320 436 2386 de
457 2319 619 2407 Drhnysir'
640 2317 769 2384 Catonis
790 2319 941 2386 Distichis
971 2319 1088 2386 dictum
1113 2317 1230 2402 volo:⁹)
1251 2338 1331 2404 quae
1353 2337 1417 2404 qna

291 2443 328 2490 re
349 2442 411 2490 non
433 2422 674 2508 frequententur
694 2425 728 2491 in
750 2422 863 2490 scholis
885 2441 949 2489 non
971 2422 1071 2489 video.
1116 2420 1247 2489 Meliora
1271 2422 1424 2503 enimet

292 2524 448 2614 latiniore,
464 2527 579 2608 quihus
593 2527 689 2594 animi
704 2529 805 2594 teneri
819 2525 1036 2607 informentur,
1053 2525 1121 2591 dari
1135 2544 1198 2592 non
1213 2531 1343 2614 possupt
1357 2531 1417 2595 etc
1543 2517 1546 2522 ’

299 2639 301 2642 ’
381 2629 459 2713 (16.)
491 2627 599 2716 steph.
622 2630 821 2696 Paschasius
842 2629 930 2694 Icou.
956 2619 1026 2696 107.
1049 2648 1120 2713 pag.
1142 2628 1199 2695 XI.
1221 2629 1252 2696 b.
1340 2683 1342 2686 .

392 2818 393 2822 Ἰ
444 2810 446 2814 .
501 2729 580 2796 Cato
597 2756 660 2821 pro
680 2735 802 2822 pueris.

418 2835 518 2915 Quem
542 2836 599 2902 tihi
620 2855 679 2921 pro
702 2838 814 2921 pueris⁴
831 2836 888 2903 dat
908 2832 1085 2919 Bibliopola
1109 2832 1264 2913 Catonern,

418 2937 521 3009 Crede
542 2939 619 3006 mihi
640 2939 722 3016 liber
743 2944 793 3008 est
814 2939 918 3024 aptior
939 2940 1001 3007 iste
1015 2938 1132 3006 Viris·
1327 3001 1329 3004 .

381 3043 460 3126 (17.)
497 3040 591 3130 Cosp.
608 3042 771 3122 Boethius
787 3043 856 3111 Lib.
869 3043 955 3109 XXI.
979 3042 1111 3109 advers.
1135 3061 1161 3108 c.
1178 3041 1229 3106 21.
1243 3041 1299 3109 col.
1322 3044 1420 3109 1064:

380 3145 536 3230 Quicquid
557 3166 618 3213 usu
639 3147 764 3231 vulgari
792 3147 832 3215 ah
855 3147 1045 3214 auctoritate
1066 3145 1246 3214 reconditae
1271 3145 1420 3213 eruditio-

293 3247 343 3313 nis
365 3247 440 3329 ahit,
463 3247 613 3316 vilescere
635 3249 725 3326 solet,
748 3255 781 3316 et
801 3250 977 3317 incensum
996 3248 1099 3334 redigi
1118 3268 1298 3316 rernmnon
1314 3248 1422 3332 magni

293 3351 402 3433 pretii,
430 3351 507 3419 licet
527 3353 570 3418 sit
597 3373 674 3420 auro
703 3353 806 3420 rarius
833 3358 867 3422 et
894 3351 1071 3421 formosius.
1116 3353 1206 3421 Licet
1233 3353 1264 3418 in
1292 3351 1420 3437 talibus,
1547 3371 1551 3378 ·

294 3453 399 3536 quoad
419 3454 529 3537 poesin
552 3455 678 3539 quidem
693 3454 849 3540 Latinam,
870 3456 973 3523 focum
997 3457 1107 3524 demus
1120 3454 1278 3542 Dionysii
1291 3452 1444 3522 Catonis.

294 3556 453 3628 Distichis.
499 3557 561 3637 Qui
581 3547 709 3625 libellus
732 3559 759 3625 si
780 3578 843 3626 non
866 3559 985 3625 dudum
1008 3559 1049 3626 ad
1070 3559 1287 3643 pdveruleota
1308 3559 1423 3642 magis

295 3651 415 3724 trorum
437 3659 589 3726 subsellia
610 3659 724 3728 fuisset
745 3649 920 3744 damnatos,
943 3663 1026 3729 inter
1040 3661 1232 3728 Posterioris
1250 3662 1318 3727 aevi
1339 3663 1424 3745 prin.

295 3763 380 3846 cipes
401 3763 506 3844 locum
528 3763 696 3830 obtineret.
741 3764 862 3851 Tersasv
880 3768 939 3846 est,
961 3763 1105 3846 Latinus,
1128 3769 1249 3842 aeratus,
1270 3763 1423 3845 eruditus,
1500 3847 1503 3852 Ι

295 3863 394 3932 facilis
417 3869 475 3931 ete
1339 3867 1341 3871 ’

453 3967 1151 4062 ¹ldlihiiXItheapIVcohllfttz·

374 4070 481 4151 'Quem
504 4073 690 4157 scriptorem
719 4072 904 4157 Dionysium
933 4071 1086 4141 Catonem
1115 4091 1153 4139 ex
1181 4071 1369 4140 membranis
1390 4071 1424 4138 in

297 4171 400 4238 Gallia
422 4175 557 4258 repertis
578 4174 674 4242 hodie
696 4175 897 4242 eruditissimi
920 4176 980 4241 viri
1002 4174 1224 4260 appellandum
1245 4181 1424 4258 sanxerunt,

296 4275 324 4341 is
344 4273 465 4342 dudum
487 4276 657 4344 admodum
679 4283 745 4357 est,
773 4298 843 4345 cum
865 4279 994 4361 ignotus
1020 4278 1083 4344 fuit
1109 4279 1249 4355 nomine,
1276 4282 1309 4346 et
1330 4276 1424 4344 simul
1549 4324 1553 4328 -

296 4394 421 4460 qnoque
444 4378 600 4444 iuventuti
615 4383 795 4464 propositus
818 4381 859 4446 ad
877 4380 1074 4464 jungendam
1098 4399 1168 4446 cum
1184 4380 1354 4447 Latinitate
1375 4397 1425 4445 sa·

297 4480 462 4564 pientiam,
485 4479 549 4564 quo'
570 4479 670 4549 officio
696 4483 789 4550 hodie
818 4501 943 4568 quoque
972 4481 1124 4568 iungitur.
1170 4484 1346 4568 Uhumque
1366 4499 1426 4550 nos

297 4582 389 4650 docet
410 4583 551 4663 Joannes
575 4583 826 4654 Sarcsburiensis
844 4586 911 4654 sive
927 4583 1131 4655 carnotensis
1145 4587 1259 4672 potius,
1280 4586 1426 4670 quiante
1540 4575 1542 4584 ’

297 4704 396 4753 annos
420 4687 488 4770 Jam
515 4686 582 4755 fere
603 4688 793 4773 quingentos
821 4689 947 4772 scripsit
974 4690 1056 4758 libro
1078 4690 1149 4758 VII.
1182 4689 1221 4758 de
1242 4688 1341 4774 hugis
1363 4686 1426 4755 Ou-
1477 4775 1479 4782 Ι

298 4788 364 4855 rial.
388 4808 456 4871 cap.
481 4790 537 4856 IX.
560 4797 619 4860 etc.
658 4793 696 4859 lo
711 4791 831 4860 Scholis
852 4792 979 4888 quidem
1001 4794 1195 4879 praelectum
1218 4791 1315 4860 docet
1329 4790 1426 4857 ctiam

279 5052 284 5063 .
367 5013 478 5083 §Haec
495 5014 522 5068 in
540 5013 611 5068 Edit.
629 5015 885 5075 Parinomittoutnr.
1023 5005 1029 5018 ’
