3094 5658
624 958 786 1018 cranam.
861 932 863 938 ’
907 933 912 940 ’

165 1127 215 1187 45.
250 1121 507 1205 Quamprimum
533 1121 689 1205 rapienda
706 1121 765 1188 tibi
786 1128 836 1188 cst
859 1123 983 1188 occasio
1006 1123 1118 1205 prima,

248 1225 297 1291 Nc
319 1243 430 1290 rursus
453 1243 600 1308 quamue,
622 1243 705 1308 quae
728 1225 799 1289 iam·
814 1222 993 1304 neglexeris
1015 1233 1102 1291 ante.

160 1331 215 1420 ¹46.
250 1327 353 1392 llortc
375 1328 541 1408 repentina
565 1327 627 1392 noli
650 1326 791 1408 gaudere
810 1326 989 1412 maiorum:
1064 1353 1067 1358 ·

250 1430 371 1496 Felices
394 1431 523 1513 obeunt,
546 1449 679 1514 uirorum
703 1430 771 1496 sine
793 1430 925 1497 crimine
947 1430 1015 1497 vita
1036 1436 1097 1497 est

143 1584 318 1637 auctoritatem
338 1585 402 1638 haee
422 1587 524 1638 uomina
542 1593 715 1652 transponere.
733 1593 858 1636 mercatus
878 1583 914 1634 ad
931 1602 1007 1637 usum
1024 1585 1066 1638 Pr.
1085 1585 1208 1637 domines.
1233 1587 1291 1639 nte·

29 1719 38 1740 0
142 1671 255 1724 neander:
273 1665 329 1722 lida
349 1670 446 1731 δοῦλος
463 1671 479 1742 ἦ
499 1669 543 1730 τὶς
561 1669 638 1722 οὐδὲν
659 1669 741 1740 ἦττον
756 1669 887 1736 δέσποτα,
900 1665 1158 1741 ’Ἂνιῖριυποςοῦτός
1170 1670 1239 1724 ἐστι.
1251 1681 1291 1724 et:

143 1753 234 1825 σάρκα
253 1756 303 1826 τὴν
323 1757 410 1828 αὐτὴν
431 1756 490 1828 ἔχει
530 1757 626 1810 Seneca
645 1758 675 1809 Ε.
694 1759 741 1811 47:
758 1757 833 1809 Serri
851 1767 920 1809 suut.
944 1758 995 1810 imo
1018 1757 1145 1810 homines.
1183 1757 1244 1809 Issa.
1263 1759 1292 1810 S.
1308 1753 1328 1781 ·’

143 1841 171 1896 ὃ.
191 1843 235 1904 vl,
254 1845 320 1898 ‘2222
339 1844 361 1897 Ο
381 1843 495 1906 demens,
514 1845 551 1896 its
569 1861 655 1896 cerrus
672 1843 750 1895 homo
769 1846 828 1896 est?
865 1843 933 1897 Flor.
951 1844 1002 1906 lii,
1029 1845 1074 1905 20,
1100 1847 1112 1899 l
1139 1861 1227 1896 servos
1253 1861 1293 1916 se·
1328 1891 1333 1900 .

143 1927 255 1979 eundum
273 1928 401 1980 hemissum
417 1945 500 1996 penus
518 1929 642 2000 adpellnt.
679 1929 752 1982 Cous.
772 1922 856 1982 Barth.
878 1930 915 1982 'ad
941 1929 1004 1981 Silr.
1022 1927 1126 1997 Papinii
1143 1929 1190 1990 vl,
1209 1932 1243 1986 lt
1266 1939 1294 1982 at

141 2014 174 2066 ad
192 2015 323 2066 claudian.
342 2015 377 2067 lV
397 2027 474 2083 atque
494 2017 559 2069 adv.
577 2016 620 2078 lrl,
641 2018 681 2072 lt.
700 2017 815 2079 cmv,
836 2017 878 2072 48.
898 2017 941 2069 adi
959 2016 1052 2070 Daum.
1071 2027 1098 2069 et
1115 2017 1237 2068 Arntzen.
1266 2050 1271 2055 -

209 2103 249 2168 45.
270 2101 395 2164 *Οοοιιίο,
416 2120 492 2170 quam
510 2111 570 2155 autc
589 2103 651 2154 dixit
669 2104 776 2155 irontcm
795 2103 890 2155 hahere
902 2102 1057 2170 capillatam,
1069 2101 1157 2155 statim
1169 2110 1210 2154 ess
1227 2101 1292 2153 scri·

142 2186 246 2255 pianda:
266 2205 308 2251 ne,
326 2188 348 2239 si
361 2205 389 2240 se
403 2187 560 2250 subduxerit,
574 2189 667 2240 frustra
680 2207 786 2257 quaeras
801 2198 898 2258 postea,
910 2206 976 2258 quae
988 2189 1059 2257 prius
1079 2187 1293 2254 contempseras’.
1333 2193 1337 2198 '
1367 2168 1374 2184 ⁸

142 2273 274 2327 Erasmus.
305 2271 392 2330 Quum
410 2275 522 2342 primum
540 2273 599 2326 Vct,
618 2275 683 2342 neg.
704 2275 829 2341 cupienda
846 2275 917 2328 Cant.
935 2276 979 2330 83.
993 2272 1293 2342 sedcontHorAEpod.
1321 2329 1324 2332 ,
1364 2261 1368 2265 ’

141 2359 210 2424 ΧΙΙΙ,
229 2361 258 2415 3:
278 2387 310 2398 -
328 2361 462 2430 rapiamus
488 2361 563 2412 amici
587 2361 756 2413 Occasionem
775 2362 808 2414 de
827 2363 877 2414 die.
896 2361 1037 2430 symmach,
1058 2361 1080 2424 1,
1105 2364 1139 2418 'iz
1166 2354 1298 2412 Occasiw'

142 2465 199 2500 nem
218 2463 312 2516 rapere
331 2447 465 2516 prudentia
483 2458 531 2500 est.
550 2456 586 2499 est
603 2465 661 2514 rep.
680 2448 726 2501 tibi
743 2466 797 2504 occ,
809 2450 892 2516 prima
903 2448 933 2502 B.
946 2449 993 2501 tibi
1005 2465 1059 2501 oce.
1071 2447 1154 2516 prims
1166 2454 1206 2500 est
1217 2445 1293 2500 Laid.

142 2537 186 2588 ΙΙΙ.
204 2536 250 2589 tibi
267 2536 301 2587 sit
326 2553 378 2588 occ.
402 2536 483 2602 prima
501 2534 532 2588 B.
557 2550 623 2602 quae
650 2542 680 2585 tu
703 2535 771 2604 uegl.
795 2534 838 2587 Pr.
863 2533 1006 2602 neglexeris
1028 2534 1085 2600 ipss
1108 2533 1200 2602 (lamp.
1219 2532 1291 2585 Mox.

142 2622 247 2676 Membr.
270 2622 346 2674 Voss.
373 2639 466 2673 rursus
490 2621 508 2672 i.
534 2639 557 2674 e.
577 2629 673 2684 contra,
696 2621 817 2686 vicissim,
835 2629 864 2672 ut
881 2619 926 2684 IV,
950 2624 976 2676 7.
1011 2618 1208 2688 Quamprimum
1231 2635 1295 2672 voce

143 2710 277 2761 coniuncta
294 2708 360 2760 Edd.
379 2708 460 2766 Paris.
477 2707 594 2773 Chouet,
608 2707 715 2761 Scriver.
854 2767 861 2777 .
1036 2752 1057 2762 ,.

210 2798 254 2851 46.
273 2793 355 2848 Forte
372 2804 468 2864 repent
486 2813 513 2847 a.
530 2795 587 2850 rell.
605 2811 695 2846 omues
713 2791 800 2846 Morus
817 2812 872 2862 rep.
909 2793 991 2846 ‘Nihil
1017 2794 1062 2846 laic
1086 2799 1188 2846 mutant
1206 2793 1293 2851 cont.

144 2882 229 2955 scripti
247 2882 287 2934 rel
305 2882 375 2934 editi.
410 2883 529 2934 Attamen
547 2883 589 2932 rix
607 2881 704 2941 dubito,
722 2879 783 2948 quin
803 2899 850 2949 pro
870 2868 994 2932 maiorum
1012 2879 1176 2932 scribendum
1189 2881 1226 2932 sit
1241 2879 1295 2932 lsoe
1318 2903 1321 2908 ·

144 2966 199 3019 loeo
217 2973 327 3018 tuorum.
363 2967 440 3028 Puto,
457 2974 589 3018 mutarunt
606 2965 663 3026 hoc,
681 2965 726 3033 qui
744 2967 899 3038 nesciebant,
918 2976 1025 3020 mortem
1037 2967 1199 3034 repentinam
1213 2974 1294 3034 atque

115 3091 117 3096 -
145 3054 300 3121 inopinatum
318 3054 344 3105 iu
364 3062 423 3105 roto
442 3053 523 3104 tuisse
541 3052 692 3104 mortalibus
711 3051 843 3103 nonnuliis
863 3052 964 3119 priscis.
988 3053 1063 3106 -Vide
1080 3071 1146 3121 qnos
1164 3053 1226 3106 citat
1243 3053 1291 3106 Pi·

145 3141 197 3192 tiae
216 3140 326 3192 Plinium
347 3157 440 3208 nempe
458 3148 485 3192 et
502 3139 670 3192 Plutarchum
687 3137 721 3189 ad
739 3138 846 3190 Sueten.
864 3139 913 3190 lul.
932 3139 1028 3192 Caesar
1050 3155 1107 3206 cap.
1125 3139 1293 3192 Lxxxvua

147 3225 181 3276 Et
195 3224 282 3291 pridie
300 3242 375 3291 quens
394 3223 562 3287 occideretur,
574 3225 617 3274 ·in
636 3241 749 3276 sermone
766 3233 858 3275 notum
874 3241 954 3291 super
971 3242 1077 3276 caeneus
1097 3223 1229 3292 oportit.
1242 3221 1293 3276 Le-

140 3311 242 3378 pidum,
261 3311 378 3377 quisnam
396 3310 540 3375 esaetfiasis
558 3311 624 3363 ritae
643 3309 866 3375 commodissimus,
889 3311 1054 3378 repentinum
1077 3312 1295 3378 inopinatumque

143 3397 313 3464 praetulerat.
349 3398 439 3450 'lolem
472 3401 568 3452 obitum
600 3401 697 3452 Graeca
724 3416 785 3450 voce
812 3399 931 3451 dicebaut
954 3397 1136 3451 renascatur.
1169 3377 1319 3450 amaea'·
1385 3411 1389 3414 ·

146 3482 184 3534 ‘si
203 3483 263 3534 mali
282 3484 365 3535 subito
383 3487 531 3548 moriautur,
545 3486 684 3537 dolendum
697 3484 778 3553 magis
791 3493 839 3547 est,
852 3503 927 3553 quam
939 3485 1115 3552 gaudendum.
1140 3483 1294 3536 (innuantur

145 3570 204 3622 dum
223 3570 306 3637 potius
325 3570 350 3620 in
368 3581 450 3623 morte
466 3573 600 3633 bonorum,
618 3589 726 3639 quorum
753 3588 823 3623 mors
847 3571 910 3624 telis
936 3579 985 3640 est.
1021 3558 1133 3623 vetare
1159 3578 1191 3622 ut
1215 3570 1294 3623 vertit

145 3655 286 3720 Planudes,
304 3657 405 3709 tametsi
422 3659 506 3710 malus
525 3639 620 3709 cauci.
658 3658 687 3709 Si
705 3657 800 3709 rideris
816 3657 899 3709 malos
917 3643 1003 3710 subito
1021 3657 1086 3710 tolli.
1097 3657 1152 3709 nuli
1169 3656 1293 3725 gundere-

146 3741 275 3810 Contingit
291 3742 358 3794 idem
376 3745 451 3796 bonis
470 3745 532 3797 uiris
552 3754 578 3797 et
594 3745 780 3796 innocentibus.
807 3743 844 3795 Vt
862 3743 1000 3811 intelligas,
1018 3744 1069 3796 hae
1085 3759 1146 3796 casu
1164 3739 1292 3806 accidere,

144 3848 195 3880 nou
212 3830 321 3881 vindicta
338 3829 464 3882 Numinis’
483 3833 615 3884 Erasmus.
645 3829 745 3881 Felices
761 3847 850 3881 omues
869 3829 976 3881 Codices
994 3838 1114 3892 tuentur,
1141 3830 1292 3882 Plauudest

139 3912 228 3977 ‘liras
245 3913 308 3968 -aul
333 3915 429 3969 insilui
459 3913 610 3987 θνῄσκω
638 3924 686 3968 ete.
715 3915 857 3983 'Scaligerr
887 3909 1027 3986 Ευτυχέες
1053 3914 1212 3986 θνήσκουσ’
1239 3926 1291 3972 ete.

145 4003 295 4055 Arntsenius
312 4003 348 4055 ita
365 4004 529 4056 mutationem
548 4012 574 4054 et
590 4003 667 4054 totius
686 4001 789 4053 distichi
807 4018 912 4052 secacum
929 4009 1049 4068 expuunt:
1075 4003 1144 4055 ‘Hoc
1160 4021 1223 4072 ergo
1241 4021 1292 4056 uo·

144 4088 184 4141 bis
203 4088 303 4140 videtur
319 4090 465 4158 praecipere
483 4088 674 4156 Gnomolngus:
702 4089 793 4141 Gaude
816 4103 871 4138 non
894 4095 946 4137 tans
972 4095 1028 4139 tuos
1045 4099 1129 4140 morte
1146 4090 1291 4159 repentina,

145 4175 171 4227 id
189 4184 234 4237 est
251 4185 337 4244 optata
354 4177 502 4239 exstinctos,
520 4192 596 4242 quam
615 4173 683 4240 quod
699 4174 756 4225 sine
774 4174 882 4226 crimine
898 4173 1030 4225 vixerint!
1065 4173 1147 4228 Vicus
1164 4176 1246 4228 latera
1263 4175 1292 4228 in

145 4280 168 4313 s.
187 4259 286 4312 Felices
302 4259 406 4314 Withoi.
426 4279 451 4329 p.
470 4263 522 4318 573
547 4263 584 4313 sic
606 4260 796 4313 emendandum
818 4259 917 4313 musuit
939 4259 1029 4312 unice:
1056 4257 1105 4312 sia
1123 4261 1220 4327 plures
1241 4261 1291 4313 ab·
1398 4299 1401 4304 ,
1440 4267 1444 4274 '

147 4354 273 4400 suntote
309 4345 384 4398 ‘Vide
409 4350 489 4406 enim.
514 4347 605 4415 iuquit,
628 4347 815 4414 ineptissimam
840 4344 1034 4414 argumentandi
1061 4345 1201 4399 radonem:
1228 4344 1292 4399 Noli
1344 4339 1348 4345 ’

146 4432 256 4502 gaudere
273 4440 352 4485 morte
370 4434 500 4502 repentina
518 4434 650 4486 malorumss
677 4420 749 4485 ciat
772 4433 872 4502 Neuape
889 4433 928 4485 illi
947 4434 1044 4498 obeunt
1061 4431 1161 4494 teliees,
1179 4449 1291 4500 quornm

147 4521 196 4572 vita
213 4527 252 4571 est
269 4519 324 4570 siue
341 4519 452 4572 crimine.
486 4521 611 4584 Quaeso„
627 4519 689 4589 quid
711 4519 760 4570 lucc
782 4517 816 4570 sd
838 4518 922 4571 malos
946 4529 973 4571 et
995 4528 1104 4571 mortem
1129 4516 1291 4585 repentinam

146 4623 232 4658 corum
250 4605 319 4667 iacit,
337 4613 391 4657 tum
409 4623 489 4673 quare
508 4607 592 4659 subito
611 4607 701 4658 talium
720 4621 825 4656 excessu
843 4622 895 4656 uon
922 4604 956 4657 sit
977 4604 1153 4674 gaudendum.
1189 4602 1290 4655 Sensus

147 4691 252 4760 emergit
268 4692 384 4760 egregius
402 4692 566 4759 lucidusque:
592 4689 654 4743 Noli
676 4689 800 4758 gaudere,
826 4689 917 4757 inquit,
943 4689 1070 4741 melonum
1093 4687 1172 4741 eelerl
1196 4695 1290 4751 morte,

148 4776 220 4843 quasi
237 4794 328 4845 nempe
339 4776 403 4828 haec
419 4777 471 4828 illis
490 4777 517 4828 iu
535 4794 645 4844 poenam
663 4774 819 4842 singularem
838 4775 987 4843 contigerit:
1005 4793 1065 4826 nam
1083 4772 1174 4842 plnres
1192 4773 1291 4826 aueum

147 4879 197 4914 uon
215 4861 332 4914 dissimili
349 4861 409 4922 tau,
427 4878 535 4928 qnorum
553 4869 636 4913 tamen
655 4861 707 4912 rita
724 4861 779 4913 sine
797 4861 903 4914 crimine
921 4860 989 4914 iuit'.
1025 4859 1087 4912 Alio
1105 4859 1192 4922 modo,
1210 4858 1292 4913 refert

60 5019 62 5022 Ι
147 4948 265 5012 tanuen,
283 4948 418 5018 genuinam
436 4947 574 5001 lectionem
592 4939 725 5001 restituere
742 4955 848 5001 conatus
867 4955 908 5002 est
924 4945 1001 5017 Corn.
1018 4945 1078 4999 vat.
1095 4945 1174 5014 lingo
1185 4945 1288 5012 ναυσὶ,
