3094 5658
177 1035 185 1051 .
251 1000 286 1054 42
633 997 730 1055 CATO
747 999 1000 1054 Pnrnosofflvu

286 1154 334 1219 19.
369 1153 458 1220 Inter
480 1153 625 1220 convivas
647 1153 703 1220 loe·
719 1153 763 1220 sis
784 1173 928 1222 sermone
950 1157 1120 1233 modestus,

318 1261 322 1266 '
367 1253 420 1321 Ne
443 1255 549 1323 dicare
570 1255 695 1338 loquax,
716 1255 791 1322 dnm
813 1256 861 1322 vis
883 1257 1023 1324 urbanus
1044 1257 1164 1326 haberi.

284 1363 334 1424 20.
368 1358 519 1444 Coniugis
540 1360 642 1426 iratae
663 1359 729 1426 noli
750 1365 786 1426 tu
806 1360 904 1426 rerba
925 1360 1054 1444 timere3

301 1453 304 1457 ’
369 1463 452 1529 Nam
472 1462 610 1530 lacrimis
632 1463 730 1529 struit
750 1463 890 1546 insidias,
913 1482 985 1530 cum
1006 1463 1123 1531 lemine
1143 1465 1255 1546 plorat.
1315 1475 1317 1478 ’

254 1617 300 1669 mis
319 1617 424 1684 quidem
442 1617 501 1669 uiris
519 1625 545 1669 et
561 1617 617 1684 ipso
633 1616 688 1669 los.
701 1616 837 1686 scaligero.
867 1617 1025 1686 Ambiguitas
1037 1618 1106 1672 enim
1123 1627 1162 1672 est
1178 1618 1205 1670 in
1223 1618 1298 1670 nltcro
1316 1633 1375 1685 per·
1400 1613 1420 1654 s

253 1703 343 1769 tepere,
361 1703 431 1770 quod
447 1701 544 1754 aarum
561 1702 702 1770 signifieat,
719 1710 743 1754 et
759 1702 864 1755 minim
879 1703 993 1756 studiose
1008 1711 1056 1756 aest
1072 1702 1199 1757 laboriose
1215 1719 1374 1772 percurrere.

252 1789 334 1841 Multa
353 1789 427 1857 lege:
445 1805 503 1840 cum
514 1789 594 1840 multa
605 1788 759 1856 perlegeris3
778 1789 887 1856 plurima
909 1789 1023 1859 perlege,
1040 1799 1137 1844 tantum
1147 1799 1178 1843 ut
1188 1792 1266 1844 obiter
1282 1808 1375 1858 cogno·

202 1880 205 1884 '
253 1891 318 1937 sess,
335 1891 387 1926 non
405 1875 476 1950 utin
495 1875 527 1926 iis
538 1875 643 1926 haereas
654 1861 709 1929 etc.'
732 1876 857 1928 Fortassis
876 1893 921 1944 pro
937 1877 1040 1944 perleqe
1057 1877 1193 1946 legendum
1212 1886 1250 1930 est
1265 1876 1374 1945 perlisse,

211 1955 213 1959 ’
252 1962 301 2014 boe
316 1969 364 2024 est,
384 1959 443 2012 dele
460 1969 487 2012 et
502 1960 618 2030 corrige'.
642 1961 694 2014 rid.
716 1979 800 2030 supra.
835 1962 915 2015 Vetus
939 1961 1095 2016 scholiastes
1120 1963 1156 2016 ait
1178 1963 1205 2016 in
1228 1964 1375 2032 quibusdam
1424 1999 1425 2004 =

149 2083 152 2088 -
251 2048 322 2100 libris
339 2047 441 2100 baberi:
457 2046 578 2115 perlectis
594 2047 692 2115 neqlipe
709 2046 796 2100 multa„
814 2047 831 2099 i.
867 2048 967 2116 Sperne
990 2049 1022 2101 de
1044 2049 1085 2103 his
1103 2050 1185 2102 mults
1203 2068 1267 2118 qnae
1283 2051 1375 2119 legun·

251 2143 299 2186 tur.
334 2131 454 2196 Boetiusr
477 2131 623 2185 &namtas
644 2150 720 2185 serua
734 2135 801 2185 εἰειιι
820 2151 923 2202 mena,
945 2133 1061 2202 perlecta
1081 2134 1181 2204 projice
1196 2135 1262 2188 mese
1276 2131 1377 2204 pbleas.

251 2216 408 2282 Neaeram,
426 2233 493 2284 quae
509 2217 538 2268 ica
555 2217 628 2270 libris
644 2219 817 2281 contineatur,
834 2219 923 2272 osenla
939 2227 1001 2272 susat
1021 2219 1160 2275 medenda.
1189 2221 1376 2276 Sabsberiensis

251 2306 346 2359 roris.
359 2305 418 2368 vn,
430 2306 456 2360 o.
466 2320 498 2372 ap.
516 2305 586 2361 aaa:
602 2305 647 2358 ιιι
661 2306 704 2358 ver
716 2307 779 2359 osa
794 2305 836 2359 ver
851 2307 926 2369 ntus,
944 2325 1002 2360 mm
1015 2315 1088 2360 auur
1100 2308 1209 2361 suerrus
1222 2317 1273 2363 esc:
1290 2294 1378 2360 Maza
1406 2307 1408 2312 ·

251 2395 323 2461 lepus
331 2392 429 2459 facite,
446 2391 565 2460 perlectis
585 2393 690 2460 perlepe
711 2394 803 2445 malta.
838 2393 895 2458 Quo
913 2393 1016 2462 quidem
1029 2393 1136 2464 ,aliquid
1157 2411 1215 2446 esse
1236 2395 1330 2448 utilins'
1345 2394 1378 2447 ad

251 2480 386 2533 scientiam
403 2478 523 2547 aspiranti
544 2478 620 2531 facile
637 2498 688 2533 non
705 2479 867 2543 reddiderim,
885 2489 985 2547 praeter
1001 2472 1184 2534 observantiam
1203 2481 1374 2534 mandatorum

222 2633 224 2637 Ι
251 2565 311 2629 Dei,
329 2566 356 2617 ln
374 2582 426 2632 qna
443 2562 578 2633 singularis
605 2573 631 2617 et
654 2565 745 2618 unicus
761 2564 932 2618 indubitanter
958 2573 998 2618 est
1023 2566 1220 2636 philosophandi
1245 2567 1377 2636 proiectus.

251 2653 300 2708 ute
316 2662 402 2707 temen
419 2652 505 2704 omnio
521 2652 632 2720 lepeada
646 2661 722 2718 sum,
744 2662 774 2705 ut
796 2671 885 2706 eoram
898 2654 993 2721 ‚atique
1010 2671 1067 2707 cum
1085 2654 1149 2707 lecta
1166 2654 1272 2717 inerint,
1295 2653 1377 2724 negli-

176 2729 192 2740 ”
252 2748 353 2810 gantur,
370 2739 537 2808 reprobentur
553 2739 697 2803 nonnulla,
715 2740 801 2808 aliqua
824 2740 957 2794 videantur
981 2741 1007 2793 in
1026 2743 1148 2805 maurita,
1166 2749 1194 2794 ut
1210 2741 1261 2794 sint
1276 2741 1378 2794 omnino
1484 2761 1487 2766 ·

243 2813 383 2895 'incognita
399 2824 457 2878 etc'.
491 2825 564 2878 Haec
580 2827 656 2878 lectio
668 2844 705 2882 ex
723 2835 771 2881 ret.
790 2827 876 2901 Sobel,
893 2826 975 2896 petits
991 2827 1090 2880 transiit
1107 2824 1134 2880 iu
1151 2828 1210 2882 edd.
1221 2828 1337 2882 Scriverii
1353 2835 1380 2882 et

254 2913 394 2968 Arntsenii.
412 2913 494 2981 selepe
510 2910 591 2965 edidit
606 2910 745 2966 &censius
761 2912 779 2964 i.
797 2929 909 2981 segrega,
933 2913 1018 2982 rejice,
1039 2912 1150 2982 neglige,
1168 2932 1281 2968 seorsum
1296 2915 1378 2984 lege’3

256 2999 323 3066 elipe
340 2999 476 3068 aliqnando
494 2998 607 3052 malebat
622 2999 755 3062 Bartbins,
770 2999 880 3066 Daumio
900 3007 974 3062 teste,
992 3008 1018 3052 et
1035 3000 1139 3053 witnot
1156 3019 1183 3070 p.
1200 3001 1250 3058 559
1267 3019 1317 3054 uon
1336 3019 1378 3054 ao-

258 3086 356 3153 quierit
372 3087 399 3139 in
416 3086 528 3139 lectione
545 3094 585 3138 ter
601 3087 655 3154 lepe
671 3085 718 3138 sed
735 3084 880 3139 ‘Auctorem
892 3085 929 3139 eie
939 3086 1014 3139 unice
1025 3087 1255 3156 scripsisse-nullus
1267 3088 1379 3142 dubitat:

410 3172 493 3225 Multa
510 3172 581 3241 legas
597 3172 688 3226 facito:
706 3180 746 3224 tes
769 3169 841 3224 Votis
858 3172 963 3242 perlege
983 3173 1078 3237 mnlta;

317 3279 320 3283 ·
386 3303 389 3306 .
410 3257 477 3310 Nam
494 3258 609 3311 mimda
626 3254 728 3322 munst,
745 3259 792 3312 sed
807 3275 861 3311 swa
877 3259 993 3312 ridenda
1009 3268 1108 3329 poetae.
1126 3287 1159 3300 -

325 3360 453 3430 Praecipit
468 3360 553 3430 itaque
569 3361 673 3427 Auctor,
690 3361 772 3414 multa
788 3379 847 3414 esse
863 3360 982 3430 legenda,
999 3371 1090 3431 poetae
1106 3381 1164 3416 sero
1181 3371 1224 3416 ant
1243 3361 1312 3414 Votis
1328 3362 1378 3416 ali·

257 3447 330 3500 cuius
347 3450 442 3516 scripta
459 3447 539 3500 multa
557 3465 613 3501 ease
629 3448 671 3501 rel
685 3455 726 3500 ter
735 3447 894 3516 perlepeude
904 3449 938 3500 ob
951 3447 1074 3502 occultam
1087 3449 1247 3518 sapientiam,
1264 3457 1291 3502 et
1301 3449 1382 3502 mults

256 3533 391 3596 mirabilia,
409 3551 475 3601 qnae
491 3533 595 3586 minim
617 3545 647 3585 ert
670 3533 760 3604 lepida
774 3534 902 3602 fipnenta
918 3534 1118 3589 sim-ridenda&
1154 3535 1255 3589 Amicus
1273 3543 1381 3604 tempta·

257 3619 307 3672 sita
324 3619 432 3689 perlecti
446 3619 526 3688 selige
541 3620 632 3688 plura.
668 3619 793 3672 Similiter
810 3618 912 3687 quidem
930 3620 1126 3690 Cannegicterus
1143 3638 1197 3690 cap.
1215 3622 1260 3674 Ill.
1276 3639 1303 3690 p.
1315 3621 1381 3678 3752

161 3760 165 3768 ,
256 3706 365 3774 perlecti
380 3706 479 3774 mplipe
495 3706 587 3761 muta
620 3705 693 3759 conl.
716 3705 749 3759 ele
764 3706 814 3759 boe
833 3723 907 3758 versu
928 3705 1048 3759 Eundem
1070 3704 1381 3778 cap.1X.p.4(ll.ore'·
1406 3729 1409 3733 ·

259 3792 344 3844 dendo
359 3792 432 3848 Laid.
450 3792 484 3846 Il.
1232 3807 1239 3832 ¹

329 3881 370 3936 19.
388 3879 442 3945 sae
458 3878 495 3931 sis
511 3886 541 3930 ut
556 3879 579 3941 1,
597 3880 645 3936 te:
662 3875 722 3930 Fae
738 3877 786 3930 tibi
801 3886 966 3932 succurrent.
995 3877 1070 3930 Inter
1087 3879 1205 3930 eoeoioas
1221 3879 1388 3946 (ιοιιιιιιιίιιιιΙ

260 3963 332 4016 Laid.
350 3965 397 4031 11.)
407 3963 489 4032 salsis
505 3963 567 4018 Vet.
585 3965 651 4033 lieg.
674 3963 745 4016 lreid.
761 3965 795 4016 Π.
827 3962 962 4016 Modestus
982 3981 1065 4016 semro
1087 3965 1140 4018 sire
1162 3964 1275 4018 modesta
1296 3965 1384 4033 lingua

260 4050 347 4116 (oste.
363 4050 398 4102 Η.
415 4049 486 4113 XlX,
504 4050 548 4118 63)
570 4050 614 4102 bie
636 4049 702 4102 inter
725 4049 902 4118 loquacitatem
925 4058 952 4103 et
973 4043 1141 4104 urbanitatem
1163 4053 1272 4120 ponitur.
1302 4051 1383 4104 Pudet

261 4137 327 4190 lecta
343 4137 436 4190 referre
453 4137 596 4203 inhonesta,
613 4153 680 4204 quae
696 4136 824 4189 reticenda
835 4144 903 4200 snut,
921 4137 965 4188 ‘ita
981 4135 1018 4188 nti
1035 4136 1135 4189 liberali
1150 4155 1208 4191 esse
1218 4136 1318 4207 ingenio
1335 4137 1382 4206 ds-¹

261 4223 319 4285 eet’,
335 4230 403 4276 teste
420 4221 540 4275 Terentio
556 4221 649 4291 llecyr.
667 4222 688 4288 l,
706 4223 732 4283 2,
750 4223 793 4284 90,
818 4230 846 4274 et
868 4221 975 4274 modicis
992 4221 1151 4274 sermonibus
1169 4231 1242 4276 utens
1259 4240 1309 4276 non
1325 4221 1382 4291 glo·

262 4295 339 4361 riatur
355 4308 422 4376 (Iis.
439 4307 523 4371 XXII,
541 4309 590 4364 tt:
608 4307 734 4360 inmodice
745 4307 937 4375 inmodesteque
947 4307 1070 4376 glorian).
1095 4308 1134 4361 De
1147 4309 1283 4362 urbanitate
1294 4309 1384 4361 audia-

261 4413 319 4447 mus
337 4394 520 4459 Quintilianum
536 4394 583 4456 Vl,
599 4394 631 4450 a:
654 4387 801 4447 ‘Vrbanites
824 4393 930 4462 dicitur,
956 4411 1006 4462 qna
1030 4394 1132 4462 quidem
1156 4391 1289 4464 significari
1311 4393 1385 4448 rideo

263 4497 404 4533 sermonem
421 4497 482 4548 prae
500 4496 528 4531 se
545 4479 668 4552 luentem
690 4479 718 4531 is
735 4480 817 4532 serbis
841 4488 867 4532 et
889 4496 953 4532 sono
978 4488 1005 4532 et
1030 4497 1079 4532 usn
1105 4481 1234 4549 propriam
1260 4479 1385 4548 quendam

263 4575 364 4635 gustum
381 4567 463 4629 urbis,
479 4572 506 4618 et
522 4573 648 4633 sumptam
672 4582 704 4618 ex
727 4566 916 4618 msvmmticne
939 4565 1069 4618 doctorum
1092 4565 1192 4618 tacitam
1214 4565 1385 4628 eruditionem,
1480 4585 1484 4593 ’

264 4651 373 4720 deniqne
389 4651 513 4704 contraris
529 4653 563 4704 sit
573 4650 724 4704 rusticitas'.
752 4650 846 4703 Porro:
865 4650 1002 4705 Vrbanites
1013 4659 1062 4714 est,
1080 4651 1170 4719 inqua
1180 4650 1242 4704 nibil
1254 4652 1385 4716 absonum,

264 4737 327 4790 nibil
344 4747 452 4806 agreste,
470 4733 533 4789 nibil
550 4737 713 4807 peregrinum
730 4753 814 4805 neque
831 4753 908 4790 sensu
925 4752 1008 4806 neque
1027 4736 1110 4790 verbis
1128 4754 1211 4805 neque
1227 4752 1269 4790 ore
1285 4745 1386 4807 gestare

264 4823 344 4892 pessit
360 4822 529 4893 reprebendi.
1187 4873 1192 4883 ,

333 4909 376 4967 20.
403 4908 483 4962 nolite
506 4910 627 4962 Ειιιιιιιιι
653 4916 680 4962 et
705 4907 790 4963 leem.
815 4907 921 4961 Chonet
946 4907 1020 4963 corn
1048 4907 1121 4962 Orsa
1142 4906 1226 4960 Palm.
1242 4906 1280 4976 (in
1296 4908 1387 4978 marg.)

266 4993 331 5048 Nam
348 4994 410 5051 laer.
427 4993 531 5048 iustruit
547 4994 624 5048 incid.
641 4993 712 5048 [aeid
730 4993 763 5048 ll.
790 4991 858 5046 llam
874 4991 1014 5063 lachrymis
1032 4990 1387 5052 incaementatum
1420 5061 1425 5068 .
