3130 5662
329 1252 359 1312 2.
393 1247 470 1316 Plus
492 1247 589 1332 vigilo
612 1267 753 1332 semper:
776 1267 816 1316 ne
839 1266 949 1316 somno
976 1248 1102 1316 deditus
1125 1255 1209 1328 esto;

392 1351 475 1418 Nam
499 1352 651 1420 diuturna
673 1353 763 1437 quies
785 1351 870 1418 vitiis
892 1353 1043 1422 alimenta
1065 1354 1231 1422 ministrat.

309 1460 361 1521 ·3.
398 1455 558 1521 Virtutem
581 1458 715 1540 primam
737 1475 807 1522 esse
830 1465 916 1540 puto,
940 1475 1129 1541 conpescere
1149 1453 1313 1542 linguonis

391 1559 560 1626 Proximus
583 1559 636 1626 illc
659 1560 725 1626 Deo
749 1565 808 1641 est,
830 1558 884 1642 qui
906 1561 968 1626 scit
990 1561 1112 1628 ratione
1134 1567 1275 1654 teuercp

298 1713 328 1766 Si
347 1713 418 1766 Deus
437 1721 477 1766 eet
494 1715 601 1779 mimus,
620 1714 699 1766 enimi
716 1715 751 1767 eit
772 1721 857 1766 mente
874 1714 1005 1766 colendus.
1039 1716 1114 1768 Mens
1139 1715 1215 1767 enimi
1231 1714 1323 1769 Plauto
1340 1725 1370 1769 et

225 1799 336 1863 Getullu,
354 1819 403 1869 pru
420 1799 515 1863 enimn,
530 1809 574 1853 eut
591 1818 639 1869 pro
658 1802 761 1855 ruente'.
799 1800 902 1853 Simsses
917 1801 1056 1854 sententies
1079 1801 1148 1870 epud
1170 1803 1287 1872 antiquos
1305 1811 1385 1854 sunt.

225 1887 414 1955 frequentiores,
434 1897 463 1940 ut
479 1888 532 1941 cte
550 1890 581 1940 N.
600 1887 632 1942 D.
651 1889 699 1942 25:
718 1886 808 1939 Cultus
826 1899 913 1939 eutem
931 1887 1042 1939 Deorum
1061 1896 1101 1940 est
1118 1888 1228 1955 optimus
1246 1887 1368 1956 idemque

224 1974 381 2026 castissimus
399 1982 478 2042 etque
496 1974 673 2026 senedestmue
696 1965 913 2042 plenissimusque
934 1973 1047 2043 pietetis,
1065 1982 1094 2026 ut
1112 1990 1156 2026 eos
1174 1991 1275 2042 semper
1291 1993 1367 2042 pure,

224 2060 329 2128 integre,
347 2059 491 2130 incorrupte
516 2069 543 2113 et
559 2069 645 2112 mente
663 2069 690 2113 et
706 2078 766 2114 voce
784 2077 945 2136 verteremur.
979 2059 1048 2113 Plin.
1065 2058 1249 2128 Peuegsfflrsi.
1265 2061 1312 2125 111,
1330 2063 1367 2118 52

224 2145 405 2200 Animadverte
423 2147 498 2211 enim,
517 2147 595 2200 etiem
612 2145 683 2199 Deos
703 2148 773 2214 ipsos
791 2164 844 2199 non
863 2155 916 2200 tem
935 2146 1058 2200 occuratis
1074 2145 1231 2198 adeuntium
1244 2147 1367 2215 precibus

197 2256 200 2265 ·
224 2250 300 2300 quern
318 2233 462 2286 innocentie
486 2241 513 2286 et
530 2234 665 2287 sanctitate
687 2232 776 2286 lectari
801 2233 988 2304 gratioremque
1011 2232 1164 2296 existimari,
1191 2233 1235 2301 qui
1252 2232 1367 2286 delubris

223 2335 309 2370 eorum
328 2328 474 2388 centumque
492 2329 612 2386 mentem,
632 2337 709 2388 quum
728 2319 772 2388 qui
790 2320 939 2372 meditatum
956 2337 1056 2372 nermeu
1075 2318 1195 2371 intulerit.
1213 2318 1280 2375 conf.
1298 2317 1366 2372 Per·

223 2403 277 2456 sius
294 2404 327 2467 11,
353 2405 395 2460 73.
413 2407 448 2462 ’14
466 2413 514 2458 eto.
550 2403 584 2457 Si
605 2414 646 2459 est
670 2407 743 2476 quie,
768 2405 984 2475 quondoquidem.
1008 2413 1036 2457 ut
1059 2403 1134 2456 nodis
1159 2405 1219 2461 Bes.
1236 2404 1302 2458 Veu.
1320 2407 1366 2477 91ο

223 2489 341 2543 Οιιιιιῑιιιι
358 2485 469 2562 ᾅσματα
486 2490 531 2543 nul
548 2489 680 2564 ᾀδόμενα,
699 2493 765 2546 diets
774 2503 914 2561 poetarum,
933 2500 961 2545 ut
979 2491 1083 2561 Orphei,
1101 2499 1127 2544 et
1143 2490 1364 2560 philosophorum,

224 2579 365 2632 sententiae
383 2580 472 2632 breves
490 2578 524 2631 ed
542 2598 641 2633 morum
659 2581 776 2649 sitneque
795 2580 978 2633 iustitutionem
996 2578 1160 2648 pertinentes,
1177 2586 1206 2631 ut
1220 2579 1268 2631 init
1285 2578 1365 2632 Geto-

223 2666 263 2718 nis
282 2664 391 2720 Carmen
406 2651 442 2720 'tle
460 2667 582 2730 moribus,
599 2667 682 2736 Appii
699 2667 772 2719 Caeci
785 2666 892 2720 Cermen
911 2668 946 2719 ul.
959 2664 1080 2718 carmine
1091 2665 1109 2719 ἰ.
1122 2664 1264 2733 sapientum
1275 2673 1365 2718 eumo-

223 2754 310 2805 ritetes
333 2752 369 2820 gl.
386 2751 416 2804 B.
440 2753 487 2804 lidi
508 2753 525 2805 i.
548 2771 598 2805 non
623 2752 786 2822 pontificibus
809 2753 1035 2821 sacerdotibusque
1058 2759 1085 2805 et
1110 2751 1260 2805 mulieribus
1279 2744 1366 2819 neque
1444 2747 1448 2754 ’

223 2838 288 2906 putri
315 2839 386 2898 [Ter.
414 2838 525 2908 Adelph.
543 2840 590 2902 1v‚
606 2842 632 2909 5,
653 2842 699 2908 69)
724 2857 809 2908 neque
836 2841 910 2893 metri
936 2839 988 2892 cte
1015 2856 1057 2908 ep.
1075 2837 1189 2901 xlm
1211 2829 1366 2909 pmeeipune

222 2923 293 2976 Leid.
311 2925 344 2977 II.
362 2926 501 2995 precipuae
518 2925 603 2980 Turis.
1420 2935 1425 2941 '

291 3010 316 3065 2.
342 3026 375 3062 ne
393 3009 537 3064 exeunti·
554 3012 634 3066 Burri.
654 3015 698 3070 59.
716 3013 759 3067 Pr.
778 3012 850 3068 cest
868 3014 929 3069 861.
947 3013 990 3069 83.
1009 3012 1075 3065 Ven.
1095 3014 1136 3068 93.
1167 3011 1227 3066 Bes.
1244 3010 1299 3065 tut
1316 3027 1366 3063 nec

223 3094 279 3146 rell.
298 3104 323 3149 et
340 3096 430 3151 Leidd.
449 3097 469 3149 Ι.
488 3097 521 3151 ll
540 3097 606 3151 coll.
625 3098 702 3154 Voss.
720 3097 787 3167 Aug.
806 3099 883 3152 vine
903 3099 984 3153 Enete.
996 3098 1081 3152 'l'renn
1092 3097 1177 3153 Pulm.
1194 3100 1278 3152 Puris.
1295 3097 1364 3151 l’lor.

223 3181 300 3237 Fren.
318 3182 426 3236 Seritur.
442 3183 534 3240 Deum.
553 3184 689 3252 (druteen)
705 3185 772 3238 conl
792 3185 815 3248 1,
835 3187 866 3242 17
884 3185 917 3238 de
935 3204 958 3237 s.
976 3202 1009 3238 ns
1025 3193 1052 3238 et
1064 3202 1121 3238 nee.
1147 3185 1288 3254 Vtrumque
1303 3183 1365 3238 lerri

223 3275 315 3335 potest.
348 3266 404 3322 ‘Ne
422 3287 474 3322 uon
492 3270 606 3338 pessime
623 3271 721 3324 editum
740 3280 787 3336 est,
803 3279 832 3325 nt
847 3272 959 3324 Arntuen
977 3271 1081 3334 iudicet,
1103 3271 1149 3325 sed
1166 3271 1228 3324 milri
1247 3272 1304 3325 ideo
1321 3272 1365 3325 hie

224 3354 415 3422 prseierendurn
434 3356 547 3419 ridetur,
572 3356 642 3424 quod
659 3356 727 3409 idem
751 3367 914 3427 praeceptum
937 3358 1055 3426 negative
1072 3364 1099 3410 et
1115 3358 1251 3426 seperatim
1269 3358 1364 3410 dietum
1453 3368 1457 3372 ’

224 3451 271 3503 eet,
290 3441 357 3510 quod
376 3442 460 3512 priore
477 3460 565 3495 sersus
590 3452 663 3510 perte
686 3452 754 3496 recto
772 3443 878 3496 consilio
903 3443 1094 3511 pronuntietum
1113 3452 1181 3504 eret3
1205 3443 1381 3513 eliquentum¹
1435 3461 1452 3479 *

224 3528 312 3580 fortine
330 3528 379 3580 hoc
396 3529 478 3582 sentio
496 3539 572 3596 etque
590 3525 758 3598 eleguntins’,
783 3547 872 3582 somne
895 3530 969 3583 codd.
987 3537 1046 3584 vett.
1067 3539 1097 3582 ut
1114 3529 1237 3594 uisne
1256 3548 1364 3598 sompno

225 3630 288 3666 rece.
306 3622 335 3666 ut
352 3613 454 3666 BKMX
470 3623 518 3668 ete
537 3633 626 3669 somno
644 3615 754 3680 deditus,
773 3624 802 3669 ut
820 3616 906 3670 dunel.
923 3617 989 3669 Vim.
1008 3616 1134 3680 xxxiii.
1153 3620 1183 3673 l:
1207 3617 1280 3671 multi
1297 3635 1363 3671 mor·

224 3700 289 3753 teles
308 3700 387 3752 dediti
404 3701 484 3754 neutri
501 3717 533 3755 ec
550 3719 649 3754 somno.
669 3701 773 3754 deditus
795 3711 932 3772 usurpetur
950 3703 975 3755 iu
993 3720 1021 3756 re
1037 3703 1106 3757 mule
1123 3712 1149 3757 et
1164 3704 1240 3757 boue.
1263 3703 1363 3756 libidini

225 3786 279 3840 (lic.
298 3786 354 3840 Fin.
372 3788 406 3850 11,
424 3790 466 3845 20.
494 3788 607 3842 desidiae
634 3789 687 3842 cte.
710 3788 780 3841 Oret
798 3790 842 3846 43.
868 3790 997 3843 doetriuue
1022 3790 1075 3843 cie.
1099 3789 1146 3842 Oli.
1163 3790 1184 3854 1,
1209 3792 1252 3847 21.
1278 3790 1376 3860 studio¹

224 3873 364 3926 litteremm
382 3874 434 3928 cte.
452 3874 522 3928 Oret·
540 3875 562 3938 1,
580 3875 597 3931 3
614 3885 663 3930 ets.
689 3875 749 3931 (iul.
767 3875 829 3928 Brit.
847 3874 903 3930 Lib.
920 3875 979 3927 xit.
997 3875 1065 3930 Phil.
1082 3893 1106 3931 s.
1124 3876 1210 3932 3622·
1336 3883 1338 3890 '

464 3963 504 4015 Ne
521 3961 588 4013 vitiis
605 3962 727 4014 elimenta
744 3962 818 4030 quies
836 3961 954 4014 diuturne
971 3961 1104 4016 ministret.

224 4044 344 4099 Erasmus
362 4047 400 4100 sie
416 4049 519 4116 exponit
537 4065 656 4100 sensum:
677 4044 754 4101 ‘Cum
772 4049 824 4101 site
841 4048 921 4117 sigile
937 4048 985 4111 eit,
1008 4049 1078 4100 inxts
1094 4047 1206 4101 Plinium
1224 4048 1361 4103 uerendum

225 4141 272 4202 est¹
292 4152 325 4187 ue
343 4135 477 4186 maximnm
496 4133 562 4184 sitne
580 4144 679 4202 purtem
702 4151 791 4187 somno
813 4133 964 4204 perdemus,
988 4134 1137 4204 praesertim
1154 4151 1211 4187 eum
1228 4152 1244 4188 s
1261 4152 1362 4188 eumue·

226 4220 307 4274 lentis
323 4221 383 4274 vitiu
400 4221 481 4273 multe
497 4228 637 4272 naseuntur
653 4228 681 4272 et
698 4220 809 4288 corporis
828 4227 854 4272 et
869 4215 970 4273 euimi'.
1110 4221 1112 4225 '

292 4308 318 4363 3.
342 4308 456 4375 primam
474 4308 491 4360 i.
509 4308 661 4378 primarium.
698 4306 759 4359 Hor.
778 4306 808 4360 E.
827 4307 847 4374 1,
867 4309 891 4372 1.
909 4309 953 4362 el.
974 4305 1360 4376 snpientieprimullor.8.1,

226 4393 250 4460 6,
268 4393 315 4450 83:
335 4393 385 4457 Qut
403 4394 500 4462 primus
518 4393 616 4446 virtutis
634 4393 725 4445 honos.
743 4399 804 4461 puto
822 4391 1034 4445 Rflstssuvett
1050 4393 1123 4460 (puto
1141 4410 1198 4446 esse
1214 4393 1243 4445 M
1254 4391 1358 4448 Mesobe.
1430 4383 1436 4394 ”

222 4480 330 4549 primum
348 4489 410 4548 puto
428 4499 478 4532 om.
504 4498 561 4534 esse
585 4480 627 4532 Pr.
650 4479 707 4534 Itel.
726 4477 785 4532 Bes.
803 4495 860 4531 cum
877 4478 979 4548 glossa:
1003 4478 1096 4547 supple
1112 4479 1183 4546 eese).
1218 4478 1373 4542 Pluuudeee¹

224 4562 306 4628 οἶμαι.
325 4565 381 4617 rell.
401 4574 472 4635 pute.
508 4565 636 4635 Scaliger:
656 4562 733 4634 ἡγοῦ,
751 4565 862 4618 ιιᾶἁοιιιι
882 4565 1007 4635 imposuit
1022 4564 1134 4618 Pleuudi
1150 4565 1255 4618 uitiosus
1267 4564 1358 4628 sodex3

223 4651 283 4702 ueni
300 4651 441 4704 seutentiee
459 4645 635 4720 concipiuntur
647 4651 804 4719 imperative,
821 4668 872 4702 uon
890 4652 973 4719 prime
984 4651 1110 4721 pereous'.
1140 4650 1193 4704 Sed
1209 4650 1359 4720 optimorum

224 4744 282 4789 rett
301 4735 415 4790 codicum
433 4736 508 4789 lectio
526 4737 629 4789 delendi
648 4746 733 4807 potest
750 4737 896 4790 euetoritete
907 4746 1021 4806 paterne.
1033 4753 1183 4804 conpescere
1195 4737 1212 4792 i.
1226 4737 1357 4804 continue,

223 4822 371 4875 translatum
388 4841 405 4875 e
421 4823 580 4892 pastoribus,
604 4825 650 4890 qui
673 4841 750 4892 pecus
777 4822 878 4891 psseuie
896 4823 1032 4876 continent.
1055 4821 1152 4892 liupene
1167 4821 1224 4877 ΒΧ.
1240 4821 1288 4876 deo
1305 4821 1357 4888 pot,

223 4926 273 4964 om.
291 4917 336 4973 est,
355 4911 407 4966 328
425 4909 453 4963 11
469 4910 549 4963 nent.
565 4911 608 4966 59.
628 4910 699 4964 (lut.
717 4911 778 4967 861.
796 4908 855 4962 Bes.
873 4909 972 4966 lirum
990 4909 1089 4978 (tryph.
1108 4910 1182 4965 Cres.
1199 4909 1233 4963 ul,
1263 4908 1357 4962 simule

169 5019 172 5026 ·
224 5000 349 5054 sententie
366 5015 408 5067 ep.
427 4997 559 5051 Claudiae.
578 4996 675 5068 Peneg.
694 4994 955 5051 uociferantem.
973 4996 1037 5052 326:
1054 4995 1102 5048 Die
1113 4998 1243 5064 proximus
1253 4995 1300 5048 ille
1311 5003 1358 5058 eet,

224 5101 300 5152 quem
318 5085 400 5147 totio,
424 5101 476 5137 nnn
500 5084 536 5138 irs
554 5092 646 5138 moret.
682 5083 749 5136 Just.
768 5082 845 5147 vut.
863 5084 889 5145 2,
916 5084 998 5140 ‘lete-
1023 5080 1120 5136 ustione
1140 5081 1283 5136 Pianudess
1308 5077 1356 5156 ςὺν
